<?xml version="1.0" encoding="UTF-8"?>
<!DOCTYPE html PUBLIC "-//W3C//DTD XHTML 1.0 Transitional//EN"
    "http://www.w3.org/TR/xhtml1/DTD/xhtml1-transitional.dtd">
<html xmlns="http://www.w3.org/1999/xhtml" xml:lang="en" lang="en">
 <head>
  <title>
</title>
<meta http-equiv="Content-Type" content="text/html;charset=utf-8" />
  <meta name='ocr-system' content='tesseract 3.04.00' />
  <meta name='ocr-capabilities' content='ocr_page ocr_carea ocr_par ocr_line ocrx_word'/>
</head>
<body>
  <div class='ocr_page' id='page_1' title='image "./cvelleipatercul00orelgoog_0105.png"; bbox 0 0 2536 4590; ppageno 0'>
   <div class='ocr_carea' id='block_1_1' title="bbox 563 199 820 274">
    <p class='ocr_par' dir='ltr' id='par_1_1' title="bbox 563 199 820 274">
     <span class='ocr_line' id='line_1_1' title="bbox 563 199 820 274; baseline -0.008 -14"><span class='ocrx_word' id='word_1_1' title='bbox 563 199 820 274; x_wconf 71' lang='lat'><strong>...84-</strong></span> 
     </span>
    </p>
   </div>
   <div class='ocr_carea' id='block_1_2' title="bbox 57 387 1260 3532">
    <p class='ocr_par' dir='ltr' id='par_1_2' title="bbox 57 387 1255 2312">
     <span class='ocr_line' id='line_1_2' title="bbox 57 387 1220 483; baseline -0.011 -18"><span class='ocrx_word' id='word_1_2' title='bbox 57 407 61 413; x_wconf 87' lang='grc'><strong>’</strong></span> <span class='ocrx_word' id='word_1_3' title='bbox 164 401 275 483; x_wconf 79' lang='lat' dir='ltr'>erupit·</span> <span class='ocrx_word' id='word_1_4' title='bbox 300 398 444 461; x_wconf 81' lang='lat' dir='ltr'>voluntas</span> <span class='ocrx_word' id='word_1_5' title='bbox 476 391 682 473; x_wconf 83' lang='lat' dir='ltr'>protinusque</span> <span class='ocrx_word' id='word_1_6' title='bbox 716 387 914 466; x_wconf 79' lang='lat' dir='ltr'>Pompeianis</span> <span class='ocrx_word' id='word_1_7' title='bbox 948 391 1091 470; x_wconf 86' lang='lat' dir='ltr'>partibus</span> <span class='ocrx_word' id='word_1_8' title='bbox 1122 387 1220 452; x_wconf 87' lang='lat' dir='ltr'>rediit</span> 
     </span>
     <span class='ocr_line' id='line_1_3' title="bbox 130 490 1218 576; baseline -0.014 -9"><span class='ocrx_word' id='word_1_9' title='bbox 130 506 295 571; x_wconf 69' lang='lat' dir='ltr'>Zanimus.</span> <span class='ocrx_word' id='word_1_10' title='bbox 338 501 438 560; x_wconf 90' lang='lat' dir='ltr'>Bruto</span> <span class='ocrx_word' id='word_1_11' title='bbox 460 494 631 576; x_wconf 86' lang='lat' dir='ltr'>Caesioque</span> <span class='ocrx_word' id='word_1_12' title='bbox 653 490 850 573; x_wconf 84' lang='lat' dir='ltr'>provinciae,</span> <span class='ocrx_word' id='word_1_13' title='bbox 872 511 950 571; x_wconf 90' lang='lat' dir='ltr'>quas</span> <span class='ocrx_word' id='word_1_14' title='bbox 976 491 1040 550; x_wconf 89' lang='lat' dir='ltr'>iam</span> <span class='ocrx_word' id='word_1_15' title='bbox 1061 490 1124 570; x_wconf 90' lang='lat' dir='ltr'>ipsi</span> <span class='ocrx_word' id='word_1_16' title='bbox 1149 492 1218 552; x_wconf 87' lang='lat' dir='ltr'>sine</span> 
     </span>
     <span class='ocr_line' id='line_1_4' title="bbox 160 591 1220 675; baseline -0.011 -10"><span class='ocrx_word' id='word_1_17' title='bbox 160 609 225 668; x_wconf 91' lang='lat' dir='ltr'>ullo</span> <span class='ocrx_word' id='word_1_18' title='bbox 243 613 369 665; x_wconf 88' lang='lat' dir='ltr'>senatus</span> <span class='ocrx_word' id='word_1_19' title='bbox 384 600 526 660; x_wconf 85' lang='lat' dir='ltr'>consulto</span> <span class='ocrx_word' id='word_1_20' title='bbox 545 605 783 675; x_wconf 86' lang='lat' dir='ltr'>occupaverant,</span> <span class='ocrx_word' id='word_1_21' title='bbox 805 591 956 654; x_wconf 76' lang='lat' dir='ltr'><strong>decretae.</strong></span> <span class='ocrx_word' id='word_1_22' title='bbox 976 591 1122 670; x_wconf 86' lang='lat' dir='ltr'>Laudati,</span> <span class='ocrx_word' id='word_1_23' title='bbox 1146 593 1220 674; x_wconf 92' lang='lat' dir='ltr'>qui·</span> 
     </span>
     <span class='ocr_line' id='line_1_5' title="bbox 160 693 1220 789; baseline -0.012 -20"><span class='ocrx_word' id='word_1_24' title='bbox 160 726 284 789; x_wconf 89' lang='lat' dir='ltr'>cunque</span> <span class='ocrx_word' id='word_1_25' title='bbox 308 724 340 765; x_wconf 92' lang='lat' dir='ltr'>se</span> <span class='ocrx_word' id='word_1_26' title='bbox 361 702 421 762; x_wconf 89' lang='lat' dir='ltr'>hiis</span> <span class='ocrx_word' id='word_1_27' title='bbox 443 720 475 762; x_wconf 88' lang='lat' dir='ltr'>se</span> <span class='ocrx_word' id='word_1_28' title='bbox 497 700 651 760; x_wconf 86' lang='lat' dir='ltr'>exercitus</span> <span class='ocrx_word' id='word_1_29' title='bbox 673 693 880 757; x_wconf 82' lang='lat' dir='ltr'><strong>tradidissent.</strong></span> <span class='ocrx_word' id='word_1_30' title='bbox 927 693 1041 758; x_wconf 90' lang='lat' dir='ltr'>Omnia</span> <span class='ocrx_word' id='word_1_31' title='bbox 1060 706 1220 756; x_wconf 81' lang='lat' dir='ltr'>transma-</span> 
     </span>
     <span class='ocr_line' id='line_1_6' title="bbox 130 798 1239 887; baseline -0.005 -18"><span class='ocrx_word' id='word_1_32' title='bbox 130 813 231 872; x_wconf 82' lang='lat' dir='ltr'>3rina</span> <span class='ocrx_word' id='word_1_33' title='bbox 251 806 383 887; x_wconf 90' lang='lat' dir='ltr'>imperia</span> <span class='ocrx_word' id='word_1_34' title='bbox 404 824 514 865; x_wconf 91' lang='lat' dir='ltr'>eorum</span> <span class='ocrx_word' id='word_1_35' title='bbox 537 801 698 863; x_wconf 88' lang='lat' dir='ltr'>commissa</span> <span class='ocrx_word' id='word_1_36' title='bbox 721 799 863 860; x_wconf 88' lang='lat' dir='ltr'>arbitrio.</span> <span class='ocrx_word' id='word_1_37' title='bbox 887 799 1004 879; x_wconf 90' lang='lat' dir='ltr'>quippe</span> <span class='ocrx_word' id='word_1_38' title='bbox 1024 799 1071 859; x_wconf 87' lang='lat' dir='ltr'>M.</span> <span class='ocrx_word' id='word_1_39' title='bbox 1095 798 1239 864; x_wconf 83' lang='lat' dir='ltr'>Brutuss</span> 
     </span>
     <span class='ocr_line' id='line_1_7' title="bbox 163 899 1221 978; baseline -0.009 -6"><span class='ocrx_word' id='word_1_40' title='bbox 163 924 192 972; x_wconf 89' lang='lat' dir='ltr'>et</span> <span class='ocrx_word' id='word_1_41' title='bbox 215 909 250 970; x_wconf 88' lang='lat' dir='ltr'><strong>C.</strong></span> <span class='ocrx_word' id='word_1_42' title='bbox 273 907 397 968; x_wconf 81' lang='lat' dir='ltr'>Cassius</span> <span class='ocrx_word' id='word_1_43' title='bbox 422 925 506 965; x_wconf 91' lang='lat' dir='ltr'>nunc</span> <span class='ocrx_word' id='word_1_44' title='bbox 526 915 700 964; x_wconf 83' lang='lat' dir='ltr'>metuentes</span> <span class='ocrx_word' id='word_1_45' title='bbox 722 921 808 961; x_wconf 87' lang='lat' dir='ltr'>arma</span> <span class='ocrx_word' id='word_1_46' title='bbox 829 900 974 978; x_wconf 81' lang='lat' dir='ltr'>Antonii,</span> <span class='ocrx_word' id='word_1_47' title='bbox 999 921 1084 961; x_wconf 90' lang='lat' dir='ltr'>nunc</span> <span class='ocrx_word' id='word_1_48' title='bbox 1097 899 1139 961; x_wconf 87' lang='lat' dir='ltr'>ad</span> <span class='ocrx_word' id='word_1_49' title='bbox 1160 923 1221 963; x_wconf 91' lang='lat' dir='ltr'>au·</span> 
     </span>
     <span class='ocr_line' id='line_1_8' title="bbox 162 1000 1222 1090; baseline -0.005 -20"><span class='ocrx_word' id='word_1_50' title='bbox 162 1009 294 1090; x_wconf 79' lang='lat' dir='ltr'>gandam</span> <span class='ocrx_word' id='word_1_51' title='bbox 315 1008 381 1068; x_wconf 90' lang='lat' dir='ltr'>eius</span> <span class='ocrx_word' id='word_1_52' title='bbox 397 1005 549 1069; x_wconf 87' lang='lat' dir='ltr'>invidiam</span> <span class='ocrx_word' id='word_1_53' title='bbox 569 1006 750 1066; x_wconf 81' lang='lat' dir='ltr'>simulantes</span> <span class='ocrx_word' id='word_1_54' title='bbox 765 1023 798 1063; x_wconf 89' lang='lat' dir='ltr'>se</span> <span class='ocrx_word' id='word_1_55' title='bbox 811 1013 969 1078; x_wconf 90' lang='lat' dir='ltr'>metuere,</span> <span class='ocrx_word' id='word_1_56' title='bbox 992 1002 1096 1064; x_wconf 86' lang='lat' dir='ltr'>testati</span> <span class='ocrx_word' id='word_1_57' title='bbox 1111 1000 1222 1065; x_wconf 87' lang='lat' dir='ltr'>edictis</span> 
     </span>
     <span class='ocr_line' id='line_1_9' title="bbox 161 1103 1221 1187; baseline -0.003 -17"><span class='ocrx_word' id='word_1_58' title='bbox 161 1112 297 1172; x_wconf 90' lang='lat' dir='ltr'>libenter</span> <span class='ocrx_word' id='word_1_59' title='bbox 321 1130 353 1171; x_wconf 91' lang='lat' dir='ltr'>se</span> <span class='ocrx_word' id='word_1_60' title='bbox 374 1110 425 1171; x_wconf 81' lang='lat' dir='ltr'>vel</span> <span class='ocrx_word' id='word_1_61' title='bbox 443 1105 764 1187; x_wconf 78' lang='lat' dir='ltr'>inperpetuoexilio</span> <span class='ocrx_word' id='word_1_62' title='bbox 783 1105 932 1182; x_wconf 82' lang='lat' dir='ltr'>victuros,</span> <span class='ocrx_word' id='word_1_63' title='bbox 949 1103 1026 1165; x_wconf 91' lang='lat' dir='ltr'>dum</span> <span class='ocrx_word' id='word_1_64' title='bbox 1040 1126 1125 1185; x_wconf 87' lang='lat' dir='ltr'>resp.</span> <span class='ocrx_word' id='word_1_65' title='bbox 1144 1125 1221 1167; x_wconf 91' lang='lat' dir='ltr'>con·</span> 
     </span>
     <span class='ocr_line' id='line_1_10' title="bbox 163 1207 1221 1288; baseline -0.001 -16"><span class='ocrx_word' id='word_1_66' title='bbox 163 1224 258 1274; x_wconf 87' lang='lat' dir='ltr'>staret</span> <span class='ocrx_word' id='word_1_67' title='bbox 282 1208 465 1287; x_wconf 87' lang='lat' dir='ltr'>concordia,</span> <span class='ocrx_word' id='word_1_68' title='bbox 486 1229 544 1268; x_wconf 89' lang='lat' dir='ltr'>nec</span> <span class='ocrx_word' id='word_1_69' title='bbox 574 1210 670 1268; x_wconf 90' lang='lat' dir='ltr'>ullam</span> <span class='ocrx_word' id='word_1_70' title='bbox 692 1207 767 1269; x_wconf 89' lang='lat' dir='ltr'>belli</span> <span class='ocrx_word' id='word_1_71' title='bbox 796 1207 893 1269; x_wconf 81' lang='lat' dir='ltr'>civilis</span> <span class='ocrx_word' id='word_1_72' title='bbox 922 1209 1124 1288; x_wconf 83' lang='lat' dir='ltr'>praebituros</span> <span class='ocrx_word' id='word_1_73' title='bbox 1152 1229 1221 1271; x_wconf 84' lang='lat' dir='ltr'>ma-</span> 
     </span>
     <span class='ocr_line' id='line_1_11' title="bbox 162 1308 1255 1391; baseline 0.002 -17"><span class='ocrx_word' id='word_1_74' title='bbox 162 1314 288 1387; x_wconf 90' lang='lat' dir='ltr'>teriam,</span> <span class='ocrx_word' id='word_1_75' title='bbox 310 1312 482 1391; x_wconf 89' lang='lat' dir='ltr'>plurimum</span> <span class='ocrx_word' id='word_1_76' title='bbox 502 1311 563 1370; x_wconf 86' lang='lat' dir='ltr'>sibi</span> <span class='ocrx_word' id='word_1_77' title='bbox 577 1308 708 1370; x_wconf 86' lang='lat' dir='ltr'>honoris</span> <span class='ocrx_word' id='word_1_78' title='bbox 730 1328 795 1369; x_wconf 85' lang='lat' dir='ltr'>esse</span> <span class='ocrx_word' id='word_1_79' title='bbox 810 1308 844 1369; x_wconf 92' lang='lat' dir='ltr'>in</span> <span class='ocrx_word' id='word_1_80' title='bbox 860 1309 1048 1371; x_wconf 86' lang='lat' dir='ltr'>conscientia</span> <span class='ocrx_word' id='word_1_81' title='bbox 1063 1310 1140 1372; x_wconf 88' lang='lat' dir='ltr'>facti</span> <span class='ocrx_word' id='word_1_82' title='bbox 1161 1311 1255 1387; x_wconf 80' lang='lat' dir='ltr'>tui,to</span> 
     </span>
     <span class='ocr_line' id='line_1_12' title="bbox 163 1410 1221 1493; baseline 0.001 -19"><span class='ocrx_word' id='word_1_83' title='bbox 163 1413 296 1493; x_wconf 82' lang='lat' dir='ltr'>profecti</span> <span class='ocrx_word' id='word_1_84' title='bbox 328 1415 405 1474; x_wconf 81' lang='lat' dir='ltr'>tsrbe</span> <span class='ocrx_word' id='word_1_85' title='bbox 437 1423 530 1492; x_wconf 90' lang='lat' dir='ltr'>atque</span> <span class='ocrx_word' id='word_1_86' title='bbox 561 1410 670 1486; x_wconf 91' lang='lat' dir='ltr'>Italia,</span> <span class='ocrx_word' id='word_1_87' title='bbox 699 1410 821 1472; x_wconf 90' lang='lat' dir='ltr'>intento</span> <span class='ocrx_word' id='word_1_88' title='bbox 846 1432 881 1472; x_wconf 92' lang='lat' dir='ltr'>ac</span> <span class='ocrx_word' id='word_1_89' title='bbox 911 1413 981 1491; x_wconf 90' lang='lat' dir='ltr'>pari</span> <span class='ocrx_word' id='word_1_90' title='bbox 1013 1411 1118 1474; x_wconf 91' lang='lat' dir='ltr'>animo</span> <span class='ocrx_word' id='word_1_91' title='bbox 1152 1414 1221 1475; x_wconf 88' lang='lat' dir='ltr'>sine</span> 
     </span>
     <span class='ocr_line' id='line_1_13' title="bbox 164 1511 1222 1594; baseline -0.001 -18"><span class='ocrx_word' id='word_1_92' title='bbox 164 1515 346 1576; x_wconf 90' lang='lat' dir='ltr'>auctoritate</span> <span class='ocrx_word' id='word_1_93' title='bbox 370 1513 497 1592; x_wconf 90' lang='lat' dir='ltr'>publica</span> <span class='ocrx_word' id='word_1_94' title='bbox 529 1511 707 1592; x_wconf 83' lang='lat' dir='ltr'>provincias</span> <span class='ocrx_word' id='word_1_95' title='bbox 743 1513 961 1594; x_wconf 87' lang='lat' dir='ltr'>exercitusque</span> <span class='ocrx_word' id='word_1_96' title='bbox 988 1526 1222 1594; x_wconf 80' lang='lat' dir='ltr'>occupaverant</span> 
     </span>
     <span class='ocr_line' id='line_1_14' title="bbox 164 1614 1220 1696; baseline -0.001 -18"><span class='ocrx_word' id='word_1_97' title='bbox 164 1630 213 1693; x_wconf 91' lang='lat' dir='ltr'>et,</span> <span class='ocrx_word' id='word_1_98' title='bbox 236 1617 416 1696; x_wconf 88' lang='lat' dir='ltr'>ubicunque</span> <span class='ocrx_word' id='word_1_99' title='bbox 439 1614 500 1694; x_wconf 91' lang='lat' dir='ltr'>ipsi</span> <span class='ocrx_word' id='word_1_100' title='bbox 524 1626 640 1689; x_wconf 88' lang='lat' dir='ltr'>essent,</span> <span class='ocrx_word' id='word_1_101' title='bbox 665 1625 881 1693; x_wconf 80' lang='lat' dir='ltr'>praetexentes</span> <span class='ocrx_word' id='word_1_102' title='bbox 902 1634 969 1677; x_wconf 88' lang='lat' dir='ltr'>esse</span> <span class='ocrx_word' id='word_1_103' title='bbox 984 1635 1101 1695; x_wconf 77' lang='lat' dir='ltr'>remp,</span> <span class='ocrx_word' id='word_1_104' title='bbox 1120 1637 1220 1696; x_wconf 89' lang='lat' dir='ltr'>pecu-</span> 
     </span>
     <span class='ocr_line' id='line_1_15' title="bbox 164 1715 1220 1795; baseline 0.001 -17"><span class='ocrx_word' id='word_1_105' title='bbox 164 1719 232 1778; x_wconf 87' lang='lat' dir='ltr'>nias</span> <span class='ocrx_word' id='word_1_106' title='bbox 254 1717 360 1792; x_wconf 89' lang='lat' dir='ltr'>etiam,</span> <span class='ocrx_word' id='word_1_107' title='bbox 395 1735 475 1795; x_wconf 92' lang='lat' dir='ltr'>quae</span> <span class='ocrx_word' id='word_1_108' title='bbox 507 1734 548 1774; x_wconf 87' lang='lat' dir='ltr'>ex</span> <span class='ocrx_word' id='word_1_109' title='bbox 570 1715 784 1775; x_wconf 79' lang='lat' dir='ltr'>transmarinis</span> <span class='ocrx_word' id='word_1_110' title='bbox 816 1715 985 1795; x_wconf 86' lang='lat' dir='ltr'>provinciis</span> <span class='ocrx_word' id='word_1_111' title='bbox 1012 1716 1148 1779; x_wconf 83' lang='lat' dir='ltr'>Romam</span> <span class='ocrx_word' id='word_1_112' title='bbox 1179 1719 1220 1778; x_wconf 92' lang='lat' dir='ltr'>ab</span> 
     </span>
     <span class='ocr_line' id='line_1_16' title="bbox 133 1815 1255 1903; baseline 0.004 -26"><span class='ocrx_word' id='word_1_113' title='bbox 133 1819 383 1903; x_wconf 73' lang='lat' dir='ltr'>⁴tquaestoribus</span> <span class='ocrx_word' id='word_1_114' title='bbox 407 1815 671 1897; x_wconf 85' lang='lat' dir='ltr'>deportabantur,</span> <span class='ocrx_word' id='word_1_115' title='bbox 694 1840 712 1878; x_wconf 89' lang='lat' dir='ltr'>a</span> <span class='ocrx_word' id='word_1_116' title='bbox 729 1818 906 1879; x_wconf 84' lang='lat' dir='ltr'>volentibus</span> <span class='ocrx_word' id='word_1_117' title='bbox 923 1830 1114 1898; x_wconf 84' lang='lat' dir='ltr'>acceperant.</span> <span class='ocrx_word' id='word_1_118' title='bbox 1138 1841 1255 1902; x_wconf 78' lang='lat' dir='ltr'>quaero</span> 
     </span>
     <span class='ocr_line' id='line_1_17' title="bbox 165 1904 1223 2000; baseline -0.002 -16"><span class='ocrx_word' id='word_1_119' title='bbox 165 1923 270 1985; x_wconf 88' lang='lat' dir='ltr'>omnia</span> <span class='ocrx_word' id='word_1_120' title='bbox 290 1933 416 1981; x_wconf 85' lang='lat' dir='ltr'>senatus</span> <span class='ocrx_word' id='word_1_121' title='bbox 437 1904 568 1980; x_wconf 86' lang='lat' dir='ltr'>decretis</span> <span class='ocrx_word' id='word_1_122' title='bbox 590 1938 774 1997; x_wconf 88' lang='lat' dir='ltr'>comprensa</span> <span class='ocrx_word' id='word_1_123' title='bbox 794 1932 826 1980; x_wconf 90' lang='lat' dir='ltr'>et</span> <span class='ocrx_word' id='word_1_124' title='bbox 845 1923 1048 2000; x_wconf 86' lang='lat' dir='ltr'>comprobata</span> <span class='ocrx_word' id='word_1_125' title='bbox 1074 1933 1160 1983; x_wconf 88' lang='lat' dir='ltr'>aunt.</span> <span class='ocrx_word' id='word_1_126' title='bbox 1193 1933 1223 1983; x_wconf 90' lang='lat' dir='ltr'>et</span> 
     </span>
     <span class='ocr_line' id='line_1_18' title="bbox 164 2019 1223 2101; baseline 0.002 -18"><span class='ocrx_word' id='word_1_127' title='bbox 164 2025 206 2083; x_wconf 94' lang='lat' dir='ltr'><strong>D.</strong></span> <span class='ocrx_word' id='word_1_128' title='bbox 228 2023 343 2095; x_wconf 85' lang='lat' dir='ltr'>Bruto,</span> <span class='ocrx_word' id='word_1_129' title='bbox 364 2019 450 2101; x_wconf 91' lang='lat' dir='ltr'>quod</span> <span class='ocrx_word' id='word_1_130' title='bbox 481 2020 583 2081; x_wconf 90' lang='lat' dir='ltr'>alieno</span> <span class='ocrx_word' id='word_1_131' title='bbox 614 2020 764 2080; x_wconf 89' lang='lat' dir='ltr'>beneficio</span> <span class='ocrx_word' id='word_1_132' title='bbox 795 2022 914 2083; x_wconf 79' lang='lat' dir='ltr'>viveret</span> <span class='ocrx_word' id='word_1_133' title='bbox 944 2021 1085 2085; x_wconf 88' lang='lat' dir='ltr'>decretus</span> <span class='ocrx_word' id='word_1_134' title='bbox 1109 2025 1223 2086; x_wconf 83' lang='lat' dir='ltr'>trium·</span> 
     </span>
     <span class='ocr_line' id='line_1_19' title="bbox 165 2120 1223 2205; baseline 0 -19"><span class='ocrx_word' id='word_1_135' title='bbox 165 2126 257 2205; x_wconf 89' lang='lat' dir='ltr'>phos.</span> <span class='ocrx_word' id='word_1_136' title='bbox 299 2124 417 2183; x_wconf 88' lang='lat' dir='ltr'>Pansae</span> <span class='ocrx_word' id='word_1_137' title='bbox 440 2134 532 2201; x_wconf 91' lang='lat' dir='ltr'>atque</span> <span class='ocrx_word' id='word_1_138' title='bbox 551 2120 648 2180; x_wconf 90' lang='lat' dir='ltr'>Hirtii</span> <span class='ocrx_word' id='word_1_139' title='bbox 665 2141 799 2200; x_wconf 87' lang='lat' dir='ltr'>corpora</span> <span class='ocrx_word' id='word_1_140' title='bbox 820 2124 945 2201; x_wconf 88' lang='lat' dir='ltr'>publica</span> <span class='ocrx_word' id='word_1_141' title='bbox 972 2126 1134 2204; x_wconf 84' lang='lat' dir='ltr'>sepultura</span> <span class='ocrx_word' id='word_1_142' title='bbox 1161 2126 1223 2186; x_wconf 92' lang='lat' dir='ltr'>ho·</span> 
     </span>
     <span class='ocr_line' id='line_1_20' title="bbox 134 2222 1221 2312; baseline 0.006 -30"><span class='ocrx_word' id='word_1_143' title='bbox 134 2229 291 2300; x_wconf 82' lang='lat' dir='ltr'>5norata3</span> <span class='ocrx_word' id='word_1_144' title='bbox 315 2222 456 2284; x_wconf 86' lang='lat' dir='ltr'>Caesaris</span> <span class='ocrx_word' id='word_1_145' title='bbox 481 2223 558 2286; x_wconf 89' lang='lat' dir='ltr'>adeo</span> <span class='ocrx_word' id='word_1_146' title='bbox 580 2224 668 2284; x_wconf 89' lang='lat' dir='ltr'>nulla</span> <span class='ocrx_word' id='word_1_147' title='bbox 688 2224 796 2285; x_wconf 81' lang='lat' dir='ltr'>habita</span> <span class='ocrx_word' id='word_1_148' title='bbox 817 2227 949 2302; x_wconf 90' lang='lat' dir='ltr'>mentio,</span> <span class='ocrx_word' id='word_1_149' title='bbox 972 2238 1008 2287; x_wconf 92' lang='lat' dir='ltr'>ut</span> <span class='ocrx_word' id='word_1_150' title='bbox 1026 2227 1135 2312; x_wconf 82' lang='lat' dir='ltr'>legati,</span> <span class='ocrx_word' id='word_1_151' title='bbox 1162 2229 1221 2310; x_wconf 86' lang='lat' dir='ltr'>qui</span> 
     </span>
    </p>

    <p class='ocr_par' dir='ltr' id='par_1_3' title="bbox 164 2324 1260 2712">
     <span class='ocr_line' id='line_1_21' title="bbox 165 2324 1260 2400; baseline 0 -12"><span class='ocrx_word' id='word_1_152' title='bbox 165 2326 205 2388; x_wconf 89' lang='lat' dir='ltr'>ad</span> <span class='ocrx_word' id='word_1_153' title='bbox 230 2325 399 2386; x_wconf 86' lang='lat' dir='ltr'>exercitum</span> <span class='ocrx_word' id='word_1_154' title='bbox 429 2325 495 2386; x_wconf 89' lang='lat' dir='ltr'>eius</span> <span class='ocrx_word' id='word_1_155' title='bbox 518 2324 605 2385; x_wconf 86' lang='lat' dir='ltr'>missi</span> <span class='ocrx_word' id='word_1_156' title='bbox 636 2337 739 2400; x_wconf 88' lang='lat' dir='ltr'>erant,</span> <span class='ocrx_word' id='word_1_157' title='bbox 773 2325 959 2388; x_wconf 87' lang='lat' dir='ltr'>iuberentur</span> <span class='ocrx_word' id='word_1_158' title='bbox 990 2338 1148 2390; x_wconf 86' lang='lat' dir='ltr'>summoto</span> <span class='ocrx_word' id='word_1_159' title='bbox 1181 2349 1260 2390; x_wconf 82' lang='lat' dir='ltr'>coeo</span> 
     </span>
     <span class='ocr_line' id='line_1_22' title="bbox 165 2424 1221 2514; baseline 0.006 -26"><span class='ocrx_word' id='word_1_160' title='bbox 165 2428 278 2488; x_wconf 79' lang='lat' dir='ltr'>milites</span> <span class='ocrx_word' id='word_1_161' title='bbox 301 2424 439 2506; x_wconf 87' lang='lat' dir='ltr'>adloqui.</span> <span class='ocrx_word' id='word_1_162' title='bbox 481 2425 557 2486; x_wconf 90' lang='lat' dir='ltr'>Non</span> <span class='ocrx_word' id='word_1_163' title='bbox 578 2427 638 2486; x_wconf 88' lang='lat' dir='ltr'>fuit</span> <span class='ocrx_word' id='word_1_164' title='bbox 658 2440 722 2488; x_wconf 89' lang='lat' dir='ltr'>tam</span> <span class='ocrx_word' id='word_1_165' title='bbox 748 2428 887 2507; x_wconf 84' lang='lat' dir='ltr'>ingratus</span> <span class='ocrx_word' id='word_1_166' title='bbox 920 2431 1093 2500; x_wconf 85' lang='lat' dir='ltr'>exercituo,</span> <span class='ocrx_word' id='word_1_167' title='bbox 1120 2452 1221 2514; x_wconf 84' lang='lat' dir='ltr'>quam</span> 
     </span>
     <span class='ocr_line' id='line_1_23' title="bbox 164 2530 1221 2596; baseline 0.006 -6"><span class='ocrx_word' id='word_1_168' title='bbox 164 2530 268 2590; x_wconf 87' lang='lat' dir='ltr'>fuerat</span> <span class='ocrx_word' id='word_1_169' title='bbox 288 2541 423 2589; x_wconf 87' lang='lat' dir='ltr'>senatus.</span> <span class='ocrx_word' id='word_1_170' title='bbox 443 2548 516 2588; x_wconf 91' lang='lat' dir='ltr'>nam</span> <span class='ocrx_word' id='word_1_171' title='bbox 537 2549 608 2588; x_wconf 88' lang='lat' dir='ltr'>cum</span> <span class='ocrx_word' id='word_1_172' title='bbox 629 2549 697 2589; x_wconf 89' lang='lat' dir='ltr'>eam</span> <span class='ocrx_word' id='word_1_173' title='bbox 716 2530 864 2591; x_wconf 87' lang='lat' dir='ltr'>iniuriam</span> <span class='ocrx_word' id='word_1_174' title='bbox 881 2531 1108 2595; x_wconf 87' lang='lat' dir='ltr'>dissimulando</span> <span class='ocrx_word' id='word_1_175' title='bbox 1138 2533 1221 2596; x_wconf 84' lang='lat' dir='ltr'>Cae·</span> 
     </span>
     <span class='ocr_line' id='line_1_24' title="bbox 166 2630 1220 2712; baseline 0.006 -20"><span class='ocrx_word' id='word_1_176' title='bbox 166 2630 229 2692; x_wconf 87' lang='lat' dir='ltr'>sari</span> <span class='ocrx_word' id='word_1_177' title='bbox 248 2630 359 2706; x_wconf 81' lang='lat' dir='ltr'>ferret,</span> <span class='ocrx_word' id='word_1_178' title='bbox 385 2650 535 2707; x_wconf 83' lang='lat' dir='ltr'>negavere</span> <span class='ocrx_word' id='word_1_179' title='bbox 557 2630 669 2691; x_wconf 87' lang='lat' dir='ltr'>milites</span> <span class='ocrx_word' id='word_1_180' title='bbox 691 2631 758 2691; x_wconf 87' lang='lat' dir='ltr'>sine</span> <span class='ocrx_word' id='word_1_181' title='bbox 785 2632 975 2712; x_wconf 86' lang='lat' dir='ltr'>imperatore</span> <span class='ocrx_word' id='word_1_182' title='bbox 999 2656 1057 2697; x_wconf 91' lang='lat' dir='ltr'>suo</span> <span class='ocrx_word' id='word_1_183' title='bbox 1090 2638 1156 2697; x_wconf 87' lang='lat' dir='ltr'>ulla</span> <span class='ocrx_word' id='word_1_184' title='bbox 1185 2656 1220 2698; x_wconf 92' lang='lat' dir='ltr'>se</span> 
     </span>
    </p>

    <p class='ocr_par' dir='ltr' id='par_1_4' title="bbox 131 2731 1260 3019">
     <span class='ocr_line' id='line_1_25' title="bbox 131 2731 1222 2818; baseline 0.005 -26"><span class='ocrx_word' id='word_1_185' title='bbox 131 2741 150 2792; x_wconf 85' lang='grc'><strong>6</strong></span> <span class='ocrx_word' id='word_1_186' title='bbox 166 2731 327 2794; x_wconf 84' lang='lat' dir='ltr'>audituros</span> <span class='ocrx_word' id='word_1_187' title='bbox 352 2731 506 2792; x_wconf 89' lang='lat' dir='ltr'>mandata.</span> <span class='ocrx_word' id='word_1_188' title='bbox 546 2732 616 2793; x_wconf 92' lang='lat' dir='ltr'>Hoc</span> <span class='ocrx_word' id='word_1_189' title='bbox 638 2743 684 2792; x_wconf 89' lang='lat' dir='ltr'>est</span> <span class='ocrx_word' id='word_1_190' title='bbox 704 2731 783 2792; x_wconf 90' lang='lat' dir='ltr'>illud</span> <span class='ocrx_word' id='word_1_191' title='bbox 801 2746 941 2814; x_wconf 88' lang='lat' dir='ltr'>tempus,</span> <span class='ocrx_word' id='word_1_192' title='bbox 958 2757 1022 2818; x_wconf 92' lang='lat' dir='ltr'>quo</span> <span class='ocrx_word' id='word_1_193' title='bbox 1039 2735 1151 2799; x_wconf 83' lang='lat' dir='ltr'>Cicero</span> <span class='ocrx_word' id='word_1_194' title='bbox 1170 2736 1222 2797; x_wconf 91' lang='lat' dir='ltr'>in·</span> 
     </span>
     <span class='ocr_line' id='line_1_26' title="bbox 165 2833 1260 2914; baseline 0.007 -19"><span class='ocrx_word' id='word_1_195' title='bbox 165 2835 225 2898; x_wconf 87' lang='lat' dir='ltr'>sito</span> <span class='ocrx_word' id='word_1_196' title='bbox 244 2855 349 2895; x_wconf 87' lang='lat' dir='ltr'>amore</span> <span class='ocrx_word' id='word_1_197' title='bbox 367 2834 627 2914; x_wconf 85' lang='lat' dir='ltr'>Pompeianarum</span> <span class='ocrx_word' id='word_1_198' title='bbox 646 2835 782 2913; x_wconf 83' lang='lat' dir='ltr'>partium</span> <span class='ocrx_word' id='word_1_199' title='bbox 796 2833 960 2897; x_wconf 81' lang='lat' dir='ltr'>Caesarem</span> <span class='ocrx_word' id='word_1_200' title='bbox 972 2835 1167 2899; x_wconf 83' lang='lat' dir='ltr'>laudandum</span> <span class='ocrx_word' id='word_1_201' title='bbox 1189 2850 1221 2899; x_wconf 89' lang='lat' dir='ltr'>et</span> <span class='ocrx_word' id='word_1_202' title='bbox 1228 2864 1260 2903; x_wconf 79' lang='lat' dir='ltr'>aa</span> 
     </span>
     <span class='ocr_line' id='line_1_27' title="bbox 164 2935 1221 3019; baseline 0.007 -23"><span class='ocrx_word' id='word_1_203' title='bbox 164 2936 338 2998; x_wconf 85' lang='lat' dir='ltr'>tollendum</span> <span class='ocrx_word' id='word_1_204' title='bbox 358 2939 519 3011; x_wconf 88' lang='lat' dir='ltr'>censebat,</span> <span class='ocrx_word' id='word_1_205' title='bbox 539 2959 609 2998; x_wconf 93' lang='lat' dir='ltr'>cum</span> <span class='ocrx_word' id='word_1_206' title='bbox 632 2939 708 2999; x_wconf 88' lang='lat' dir='ltr'>aliut</span> <span class='ocrx_word' id='word_1_207' title='bbox 728 2935 852 3014; x_wconf 83' lang='lat' dir='ltr'>diceret,</span> <span class='ocrx_word' id='word_1_208' title='bbox 868 2939 944 3002; x_wconf 90' lang='lat' dir='ltr'>aliut</span> <span class='ocrx_word' id='word_1_209' title='bbox 959 2940 1096 3019; x_wconf 80' lang='lat' dir='ltr'>intellegi</span> <span class='ocrx_word' id='word_1_210' title='bbox 1112 2941 1221 3004; x_wconf 82' lang='lat' dir='ltr'>vellet.</span> 
     </span>
    </p>

    <p class='ocr_par' dir='ltr' id='par_1_5' title="bbox 132 3037 1259 3532">
     <span class='ocr_line' id='line_1_28' title="bbox 132 3037 1221 3123; baseline 0.007 -26"><span class='ocrx_word' id='word_1_211' title='bbox 132 3057 149 3111; x_wconf 86' lang='lat'>1</span> <span class='ocrx_word' id='word_1_212' title='bbox 250 3038 367 3099; x_wconf 90' lang='lat' dir='ltr'>LXlIl.</span> <span class='ocrx_word' id='word_1_213' title='bbox 413 3037 543 3098; x_wconf 87' lang='lat' dir='ltr'>Interim</span> <span class='ocrx_word' id='word_1_214' title='bbox 577 3039 732 3101; x_wconf 86' lang='lat' dir='ltr'>Antonius</span> <span class='ocrx_word' id='word_1_215' title='bbox 765 3039 839 3119; x_wconf 83' lang='lat' dir='ltr'>fuga</span> <span class='ocrx_word' id='word_1_216' title='bbox 872 3052 1080 3120; x_wconf 84' lang='lat' dir='ltr'>transgressus</span> <span class='ocrx_word' id='word_1_217' title='bbox 1110 3042 1221 3123; x_wconf 84' lang='lat' dir='ltr'>Alpes,</span> 
     </span>
     <span class='ocr_line' id='line_1_29' title="bbox 163 3139 1222 3226; baseline 0.005 -24"><span class='ocrx_word' id='word_1_218' title='bbox 163 3141 267 3221; x_wconf 90' lang='lat' dir='ltr'>primo</span> <span class='ocrx_word' id='word_1_219' title='bbox 287 3162 346 3220; x_wconf 90' lang='lat' dir='ltr'>per</span> <span class='ocrx_word' id='word_1_220' title='bbox 366 3140 533 3221; x_wconf 88' lang='lat' dir='ltr'>conloquia</span> <span class='ocrx_word' id='word_1_221' title='bbox 552 3142 696 3219; x_wconf 89' lang='lat' dir='ltr'>repulsus</span> <span class='ocrx_word' id='word_1_222' title='bbox 719 3163 737 3201; x_wconf 93' lang='lat' dir='ltr'>a</span> <span class='ocrx_word' id='word_1_223' title='bbox 757 3142 804 3203; x_wconf 87' lang='lat' dir='ltr'>M.</span> <span class='ocrx_word' id='word_1_224' title='bbox 824 3142 962 3222; x_wconf 89' lang='lat' dir='ltr'>Lepido,</span> <span class='ocrx_word' id='word_1_225' title='bbox 987 3139 1057 3226; x_wconf 90' lang='lat' dir='ltr'>(qui</span> <span class='ocrx_word' id='word_1_226' title='bbox 1072 3147 1222 3225; x_wconf 81' lang='lat' dir='ltr'>pontifex</span> 
     </span>
     <span class='ocr_line' id='line_1_30' title="bbox 163 3238 1221 3321; baseline 0.009 -21"><span class='ocrx_word' id='word_1_227' title='bbox 163 3240 318 3301; x_wconf 85' lang='lat' dir='ltr'>maximus</span> <span class='ocrx_word' id='word_1_228' title='bbox 338 3240 372 3298; x_wconf 89' lang='lat' dir='ltr'>in</span> <span class='ocrx_word' id='word_1_229' title='bbox 395 3238 430 3298; x_wconf 89' lang='lat' dir='ltr'><strong>C.</strong></span> <span class='ocrx_word' id='word_1_230' title='bbox 451 3238 592 3300; x_wconf 86' lang='lat' dir='ltr'>Caesaris</span> <span class='ocrx_word' id='word_1_231' title='bbox 611 3244 716 3304; x_wconf 91' lang='lat' dir='ltr'>locum</span> <span class='ocrx_word' id='word_1_232' title='bbox 736 3244 822 3306; x_wconf 88' lang='lat' dir='ltr'>furto</span> <span class='ocrx_word' id='word_1_233' title='bbox 848 3258 982 3321; x_wconf 86' lang='lat' dir='ltr'>creatus,</span> <span class='ocrx_word' id='word_1_234' title='bbox 1005 3245 1129 3308; x_wconf 89' lang='lat' dir='ltr'>decreta</span> <span class='ocrx_word' id='word_1_235' title='bbox 1157 3250 1221 3311; x_wconf 88' lang='lat' dir='ltr'>sibi</span> 
     </span>
     <span class='ocr_line' id='line_1_31' title="bbox 164 3337 1259 3428; baseline 0.014 -29"><span class='ocrx_word' id='word_1_236' title='bbox 164 3339 315 3419; x_wconf 86' lang='lat' dir='ltr'>Hispania</span> <span class='ocrx_word' id='word_1_237' title='bbox 336 3337 437 3399; x_wconf 89' lang='lat' dir='ltr'>adhuc</span> <span class='ocrx_word' id='word_1_238' title='bbox 458 3339 492 3399; x_wconf 90' lang='lat' dir='ltr'>in</span> <span class='ocrx_word' id='word_1_239' title='bbox 515 3340 615 3402; x_wconf 89' lang='lat' dir='ltr'>Gallia</span> <span class='ocrx_word' id='word_1_240' title='bbox 632 3341 843 3428; x_wconf 87' lang='lat' dir='ltr'>morabatur,)</span> <span class='ocrx_word' id='word_1_241' title='bbox 866 3366 941 3408; x_wconf 90' lang='lat' dir='ltr'>mox</span> <span class='ocrx_word' id='word_1_242' title='bbox 956 3349 1078 3428; x_wconf 89' lang='lat' dir='ltr'>saepius</span> <span class='ocrx_word' id='word_1_243' title='bbox 1092 3348 1126 3408; x_wconf 89' lang='lat' dir='ltr'>in</span> <span class='ocrx_word' id='word_1_244' title='bbox 1140 3370 1259 3425; x_wconf 66' lang='lat' dir='ltr'>con-20</span> 
     </span>
     <span class='ocr_line' id='line_1_32' title="bbox 164 3440 1220 3532; baseline 0.014 -32"><span class='ocrx_word' id='word_1_245' title='bbox 164 3451 305 3519; x_wconf 91' lang='lat' dir='ltr'>spectum</span> <span class='ocrx_word' id='word_1_246' title='bbox 325 3440 453 3501; x_wconf 88' lang='lat' dir='ltr'>veniens</span> <span class='ocrx_word' id='word_1_247' title='bbox 475 3441 624 3520; x_wconf 87' lang='lat' dir='ltr'>militum,</span> <span class='ocrx_word' id='word_1_248' title='bbox 646 3441 730 3524; x_wconf 86' lang='lat' dir='ltr'>(cum</span> <span class='ocrx_word' id='word_1_249' title='bbox 753 3458 784 3506; x_wconf 91' lang='lat' dir='ltr'>et</span> <span class='ocrx_word' id='word_1_250' title='bbox 805 3444 927 3528; x_wconf 90' lang='lat' dir='ltr'>Lepido</span> <span class='ocrx_word' id='word_1_251' title='bbox 950 3469 1057 3511; x_wconf 90' lang='lat' dir='ltr'>omnes</span> <span class='ocrx_word' id='word_1_252' title='bbox 1080 3451 1220 3532; x_wconf 87' lang='lat' dir='ltr'>impera·</span> 
     </span>
    </p>
   </div>
   <div class='ocr_carea' id='block_1_3' title="bbox 238 3578 1175 3681">
    <p class='ocr_par' dir='ltr' id='par_1_6' title="bbox 238 3578 1175 3681">
     <span class='ocr_line' id='line_1_33' title="bbox 238 3578 1175 3681; baseline 0.013 -22"><span class='ocrx_word' id='word_1_253' title='bbox 238 3610 263 3659; x_wconf 84' lang='lat'><strong>4.</strong></span> <span class='ocrx_word' id='word_1_254' title='bbox 282 3578 429 3672; x_wconf 80' lang='lat' dir='ltr'>quicunqne</span> <span class='ocrx_word' id='word_1_255' title='bbox 446 3621 475 3659; x_wconf 85' lang='lat' dir='ltr'>se</span> <span class='ocrx_word' id='word_1_256' title='bbox 493 3607 525 3659; x_wconf 88' lang='lat' dir='ltr'>iis</span> <span class='ocrx_word' id='word_1_257' title='bbox 543 3612 571 3658; x_wconf 87' lang='lat' dir='ltr'>et</span> <span class='ocrx_word' id='word_1_258' title='bbox 588 3611 718 3663; x_wconf 85' lang='lat' dir='ltr'>exercitus</span> <span class='ocrx_word' id='word_1_259' title='bbox 753 3615 780 3665; x_wconf 82' lang='grc'>8.</span> <span class='ocrx_word' id='word_1_260' title='bbox 798 3615 836 3665; x_wconf 86' lang='lat' dir='ltr'>rei</span> <span class='ocrx_word' id='word_1_261' title='bbox 855 3614 975 3681; x_wconf 88' lang='lat' dir='ltr'>publicae</span> <span class='ocrx_word' id='word_1_262' title='bbox 1010 3619 1055 3671; x_wconf 68' lang='lat'><strong>²2.</strong></span> <span class='ocrx_word' id='word_1_263' title='bbox 1074 3617 1175 3672; x_wconf 60' lang='lat' dir='ltr'>&amp;esar</span> 
     </span>
    </p>
   </div>
   <div class='ocr_carea' id='block_1_4' title="bbox 166 3735 1220 3876">
    <p class='ocr_par' dir='ltr' id='par_1_7' title="bbox 166 3735 1220 3876">
     <span class='ocr_line' id='line_1_34' title="bbox 201 3735 1220 3817; baseline 0.02 -31"><span class='ocrx_word' id='word_1_264' title='bbox 201 3742 227 3792; x_wconf 82' lang='grc'>4,</span> <span class='ocrx_word' id='word_1_265' title='bbox 254 3735 409 3815; x_wconf 25' lang='lat' dir='ltr'>quicunque,</span> <span class='ocrx_word' id='word_1_266' title='bbox 434 3753 462 3786; x_wconf 80' lang='lat' dir='ltr'>se</span> <span class='ocrx_word' id='word_1_267' title='bbox 484 3735 538 3787; x_wconf 74' lang='lat' dir='ltr'>tiis</span> <span class='ocrx_word' id='word_1_268' title='bbox 568 3756 596 3789; x_wconf 80' lang='lat' dir='ltr'>sc</span> <span class='ocrx_word' id='word_1_269' title='bbox 624 3757 674 3790; x_wconf 76' lang='lat' dir='ltr'>ex·</span> <span class='ocrx_word' id='word_1_270' title='bbox 707 3740 807 3795; x_wconf 82' lang='lat' dir='ltr'><strong>APbR.</strong></span> <span class='ocrx_word' id='word_1_271' title='bbox 847 3756 950 3813; x_wconf 82' lang='lat' dir='ltr'>parato</span> <span class='ocrx_word' id='word_1_272' title='bbox 995 3748 1109 3817; x_wconf 74' lang='lat' dir='ltr'>Lipsius.</span> <span class='ocrx_word' id='word_1_273' title='bbox 1147 3751 1220 3806; x_wconf 80' lang='lat' dir='ltr'>But-</span> 
     </span>
     <span class='ocr_line' id='line_1_35' title="bbox 166 3808 822 3876; baseline 0.011 -17"><span class='ocrx_word' id='word_1_274' title='bbox 166 3808 278 3874; x_wconf 77' lang='lat' dir='ltr'>orcitos]</span> <span class='ocrx_word' id='word_1_275' title='bbox 306 3810 336 3859; x_wconf 78' lang='grc' dir='ltr'>Α,</span> <span class='ocrx_word' id='word_1_276' title='bbox 363 3822 511 3876; x_wconf 70' lang='lat' dir='ltr'>quicunque</span> <span class='ocrx_word' id='word_1_277' title='bbox 535 3826 562 3859; x_wconf 81' lang='lat' dir='ltr'>se</span> <span class='ocrx_word' id='word_1_278' title='bbox 590 3810 624 3861; x_wconf 81' lang='lat' dir='ltr'>iis</span> <span class='ocrx_word' id='word_1_279' title='bbox 644 3820 672 3860; x_wconf 81' lang='lat' dir='ltr'>et</span> <span class='ocrx_word' id='word_1_280' title='bbox 707 3828 822 3866; x_wconf 81' lang='lat' dir='ltr'>mannus.</span> 
     </span>
    </p>
   </div>
   <div class='ocr_carea' id='block_1_5' title="bbox 164 3875 1219 4077">
    <p class='ocr_par' dir='ltr' id='par_1_8' title="bbox 164 3875 1219 4077">
     <span class='ocr_line' id='line_1_36' title="bbox 166 3875 1187 3952; baseline 0.014 -22"><span class='ocrx_word' id='word_1_281' title='bbox 166 3878 299 3930; x_wconf 82' lang='lat' dir='ltr'>exercitus</span> <span class='ocrx_word' id='word_1_282' title='bbox 314 3878 348 3932; x_wconf 79' lang='lat'>0,</span> <span class='ocrx_word' id='word_1_283' title='bbox 370 3875 572 3946; x_wconf 80' lang='lat' dir='ltr'>quicunqueltis</span> <span class='ocrx_word' id='word_1_284' title='bbox 587 3897 671 3930; x_wconf 76' lang='lat' dir='ltr'>saex—</span> <span class='ocrx_word' id='word_1_285' title='bbox 742 3886 786 3936; x_wconf 74' lang='lat'>22.</span> <span class='ocrx_word' id='word_1_286' title='bbox 804 3886 923 3952; x_wconf 73' lang='lat' dir='ltr'>t‘aeaan]</span> <span class='ocrx_word' id='word_1_287' title='bbox 940 3888 996 3941; x_wconf 85' lang='grc' dir='ltr'>ΔΡ.</span> <span class='ocrx_word' id='word_1_288' title='bbox 1015 3889 1116 3941; x_wconf 71' lang='lat' dir='ltr'>Caesar</span> <span class='ocrx_word' id='word_1_289' title='bbox 1134 3890 1187 3944; x_wconf 82' lang='lat' dir='ltr'>btt.</span> 
     </span>
     <span class='ocr_line' id='line_1_37' title="bbox 165 3938 1219 4024; baseline 0.011 -32"><span class='ocrx_word' id='word_1_290' title='bbox 165 3938 266 4000; x_wconf 64' lang='lat' dir='ltr'>er&#39;citus</span> <span class='ocrx_word' id='word_1_291' title='bbox 283 3948 341 4001; x_wconf 78' lang='lat' dir='ltr'><strong>PR.</strong></span> <span class='ocrx_word' id='word_1_292' title='bbox 366 3945 516 4016; x_wconf 79' lang='lat' dir='ltr'>quicunque</span> <span class='ocrx_word' id='word_1_293' title='bbox 534 3946 575 3999; x_wconf 85' lang='lat' dir='ltr'>lu&#39;s</span> <span class='ocrx_word' id='word_1_294' title='bbox 594 3967 672 4000; x_wconf 80' lang='lat' dir='ltr'>exer·</span> <span class='ocrx_word' id='word_1_295' title='bbox 741 3955 785 4005; x_wconf 72' lang='lat'><strong>26.</strong></span> <span class='ocrx_word' id='word_1_296' title='bbox 804 3952 923 4004; x_wconf 84' lang='lat' dir='ltr'>aliut-</span> <span class='ocrx_word' id='word_1_297' title='bbox 936 3956 1019 4024; x_wconf 79' lang='lat' dir='ltr'>aliut]</span> <span class='ocrx_word' id='word_1_298' title='bbox 1036 3959 1068 4011; x_wconf 78' lang='grc' dir='ltr'>Δ.</span> <span class='ocrx_word' id='word_1_299' title='bbox 1087 3958 1168 4011; x_wconf 74' lang='lat' dir='ltr'>aliud</span> <span class='ocrx_word' id='word_1_300' title='bbox 1181 3988 1219 4004; x_wconf 82' lang='grc'>..-</span> 
     </span>
     <span class='ocr_line' id='line_1_38' title="bbox 164 4017 875 4077; baseline 0.014 -11"><span class='ocrx_word' id='word_1_301' title='bbox 164 4017 235 4068; x_wconf 80' lang='lat' dir='ltr'>citus</span> <span class='ocrx_word' id='word_1_302' title='bbox 253 4020 278 4070; x_wconf 92' lang='lat' dir='ltr'><strong>b.</strong></span> <span class='ocrx_word' id='word_1_303' title='bbox 704 4020 784 4072; x_wconf 82' lang='lat' dir='ltr'>aliud</span> <span class='ocrx_word' id='word_1_304' title='bbox 799 4023 875 4077; x_wconf 87' lang='lat' dir='ltr'><strong>PbR.</strong></span> 
     </span>
    </p>
   </div>
   <div class='ocr_carea' id='block_1_6' title="bbox 200 4084 1220 4233">
    <p class='ocr_par' dir='ltr' id='par_1_9' title="bbox 200 4084 1220 4233">
     <span class='ocr_line' id='line_1_39' title="bbox 200 4084 1220 4171; baseline 0.018 -34"><span class='ocrx_word' id='word_1_305' title='bbox 200 4090 227 4139; x_wconf 81' lang='grc'>8.</span> <span class='ocrx_word' id='word_1_306' title='bbox 246 4087 400 4167; x_wconf 36' lang='lat' dir='ltr'>resp.]·AP.</span> <span class='ocrx_word' id='word_1_307' title='bbox 417 4084 481 4154; x_wconf 80' lang='lat' dir='ltr'>reip.</span> <span class='ocrx_word' id='word_1_308' title='bbox 499 4084 551 4139; x_wconf 87' lang='lat' dir='ltr'><strong>bR.</strong></span> <span class='ocrx_word' id='word_1_309' title='bbox 740 4096 785 4147; x_wconf 78' lang='lat'><strong>28.</strong></span> <span class='ocrx_word' id='word_1_310' title='bbox 808 4109 859 4160; x_wconf 79' lang='lat' dir='ltr'>par</span> <span class='ocrx_word' id='word_1_311' title='bbox 882 4094 1033 4167; x_wconf 81' lang='lat' dir='ltr'>conloquia]</span> <span class='ocrx_word' id='word_1_312' title='bbox 1061 4099 1143 4153; x_wconf 71' lang='lat' dir='ltr'><strong>APR.</strong></span> <span class='ocrx_word' id='word_1_313' title='bbox 1171 4118 1220 4171; x_wconf 75' lang='lat' dir='ltr'>spe</span> 
     </span>
     <span class='ocr_line' id='line_1_40' title="bbox 201 4157 881 4233; baseline 0.006 -24"><span class='ocrx_word' id='word_1_314' title='bbox 201 4158 244 4209; x_wconf 89' lang='lat'><strong>11.</strong></span> <span class='ocrx_word' id='word_1_315' title='bbox 273 4159 349 4225; x_wconf 81' lang='lat' dir='ltr'>pan]</span> <span class='ocrx_word' id='word_1_316' title='bbox 389 4158 444 4211; x_wconf 84' lang='lat' dir='ltr'>scil.</span> <span class='ocrx_word' id='word_1_317' title='bbox 476 4157 578 4225; x_wconf 84' lang='lat' dir='ltr'>incepto</span> <span class='ocrx_word' id='word_1_318' title='bbox 612 4174 669 4213; x_wconf 87' lang='lat' dir='ltr'>suo.</span> <span class='ocrx_word' id='word_1_319' title='bbox 706 4161 839 4233; x_wconf 81' lang='lat' dir='ltr'>conloquii</span> <span class='ocrx_word' id='word_1_320' title='bbox 856 4162 881 4214; x_wconf 88' lang='lat' dir='ltr'><strong>b.</strong></span> 
     </span>
    </p>
   </div>
   <div class='ocr_carea' id='block_1_7' title="bbox 0 0 1282 4590">
    <p class='ocr_par' dir='ltr' id='par_1_10' title="bbox 0 0 1282 4590">
     <span class='ocr_line' id='line_1_41' title="bbox 0 0 1282 4590; baseline 0 0"><span class='ocrx_word' id='word_1_321' title='bbox 0 0 1282 4590; x_wconf 95' lang='lat' dir='ltr'> </span> 
     </span>
    </p>
   </div>
  </div>
 </body>
</html>
