2536 4590
493 106 785 233 „43..¹

49 370 99 423 1-
145 345 297 411 ΧΧΙΠ.
338 345 519 410 Secundum
540 345 653 410 deinde
674 351 871 413 consulatum
907 350 1009 414 Cinna
1038 365 1069 416 et
1095 373 1145 416 se·

85 454 223 540 ptimum
238 449 359 511 Marius
375 451 410 511 in
424 452 568 532 priorum
583 448 716 512 dedecus
729 453 809 514 iniit
831 455 919 517 cuius
928 456 1018 518 initio
1031 457 1145 519 morbo

87 573 260 638 oppressus
278 551 428 630 decessit,
449 555 499 615 vir
519 553 553 613 in
576 555 661 614 bello
692 555 854 634 hostibus,
881 556 916 617 in
939 559 1004 619 otio
1025 559 1145 622 civibus

51 656 306 721 sintesnssimus
327 656 503 737 quietisque
526 657 823 736 impatientissimus.
865 659 904 719 In
924 659 1019 720 huius
1039 660 1145 722 locum

86 759 237 825 suffectus
260 757 408 818 Valerius
429 758 575 835 Flaccus,
604 759 801 838 turpissimae
833 760 909 838 legis
939 776 1057 840 auctor,
1081 783 1165 845 quas

86 857 296 924 creditoribus
317 857 524 941 quadrantem
541 860 622 921 solvi
643 859 795 940 iusserat3
822 862 910 924 cuius
936 865 1011 926 fecti
1032 867 1147 927 merita

56 972 166 1026 teum
183 981 289 1042 poena
311 960 395 1023 intra
419 960 584 1023 biennium
604 974 771 1024 consecuta
793 975 848 1025 est.
898 966 1091 1029 Dominante
1111 968 1146 1029 in

88 1066 183 1127 Italia
205 1063 307 1124 Cinna
327 1064 429 1125 maior
448 1083 521 1144 pars
543 1064 715 1125 nobilitatis
737 1062 777 1124 ad
801 1063 921 1127 Sullam
939 1068 975 1128 in
994 1069 1145 1141 Achaiam

88 1189 127 1230 ac
147 1165 261 1228 deinde
293 1179 367 1246 post
396 1166 430 1226 in
460 1165 569 1227 Asiam
602 1165 751 1244 perfugit.
800 1166 889 1228 Sulla
913 1168 1040 1231 interim
1074 1191 1146 1231 cum

87 1267 282 1333 Mithridatis
304 1267 471 1349 praefectis
500 1269 582 1329 circa
611 1267 750 1329 Athenas
773 1269 999 1353 Boeotiamque
1024 1284 1055 1331 et
1075 1273 1181 1332 Ma·1o

89 1369 254 1435 eedoniam
274 1369 319 1431 ita
339 1368 516 1447 dimicavit,
537 1381 575 1430 ut
595 1381 626 1429 et
640 1369 780 1430 Athenas
793 1372 948 1451 reciperet
965 1384 996 1433 et
1006 1368 1145 1453 plurimo

89 1474 173 1539 circa
198 1473 378 1553 multiplicis
409 1473 494 1533 Pirei
521 1484 632 1552 portus
662 1473 852 1534 munitiones
881 1475 990 1536 labore
1021 1475 1144 1556 expleto

89 1575 224 1656 amplius
246 1579 296 1635 i'o'·
317 1576 457 1636 hostium
477 1573 668 1635 interficeret
688 1596 745 1635 nec
766 1577 871 1636 minus
893 1578 989 1637 multa
1011 1590 1145 1658 caperet.

57 1679 127 1743 4δί
146 1677 218 1759 quis
236 1679 297 1738 hoc
319 1675 494 1738 rebellandi
520 1691 660 1756 tempus,
689 1698 753 1757 quo
779 1678 920 1740 Athenae
948 1691 1145 1759 oppugnatae

90 1804 110 1844 a
131 1779 221 1843 sulti
240 1792 330 1857 sunt,
349 1779 484 1860 imputat
503 1777 763 1854 Atheniensibus,
788 1779 937 1839 nimirum
966 1780 1035 1841 veri
1056 1792 1146 1841 vetu·
1154 1798 1180 1837 1⁵

88 1883 242 1966 statisque
262 1883 388 1961 ignmus
412 1893 468 1944 est.
509 1877 598 1941 Adeo
630 1878 714 1939 enim
741 1892 825 1940 certa
853 1879 1090 1941 Atheniensium
1110 1879 1146 1939 in

88 1986 250 2048 Romanos
271 1983 348 2045 fides
369 1984 445 2061 fuit,
467 1995 504 2045 ut
524 2002 649 2060 semper
679 1976 770 2042 etin
803 1982 890 2043 omni
909 2002 961 2060 ra,
995 1979 1146 2064 quicquid

88 2081 212 2149 sinceri
230 2084 292 2146 fide
313 2098 490 2165 gereretur,
512 2083 546 2145 id
557 2085 702 2153 ,Romani
721 2085 822 2145 Attica
836 2085 904 2146 fieri
921 2082 1147 2164 praedicarent.

87 2310 160 2352 mee
183 2289 387 2363 conditionis,
409 2312 480 2351 cum
497 2292 536 2352 ab
552 2289 686 2350 inimicis
698 2301 897 2366 tenerentur,
920 2294 1181 2370 oppugnabam-so

87 2403 145 2453 tur
167 2395 207 2454 ab
228 2393 334 2454 amicis
359 2405 390 2454 et
412 2395 533 2455 animos
555 2405 644 2454 extra
657 2392 799 2468 moenia,
818 2411 952 2472 corpora
963 2393 1145 2455 necessitate

54 2493 253 2557 temulentis
273 2494 357 2557 intra
376 2516 483 2558 muros
506 2497 674 2558 habebant.
721 2496 947 2572 Transgressus
978 2493 1090 2556 deinde
1109 2497 1146 2556 in

88 2596 166 2659 Asta
186 2595 274 2657 solla
294 2609 456 2677 parentem
485 2610 556 2659 ante
580 2599 685 2660 omnia
716 2597 950 2679 supplicemque
977 2594 1146 2657 Mithrida·

87 2712 154 2762 tem
172 2699 310 2776 invenit,
332 2721 426 2782 quem
445 2702 544 2761 multa
565 2712 632 2760 tum
664 2700 797 2779 pecunia
825 2719 860 2758 ac
891 2680 982 2778 parte
1016 2698 1146 2760 navium

87 2800 164 2863 Asia
186 2801 394 2885 omnibusque
416 2801 693 2882 aliis=provinciis,
717 2821 794 2880 quas
816 2801 910 2860 armis
929 2810 1179 2878 occupauerat,2⁵

24 2928 30 2937 ·
86 2899 238 2964 decedere
261 2905 376 2983 co‘e'git,
398 2905 535 2984 captivos
559 2903 693 2983 recepit,
720 2902 754 2960 in
782 2901 947 2981 perfugam
967 2900 1144 2984 noxiosque

86 2987 323 3080 mutaveris,
345 3007 492 3086 paterna,
513 3004 547 3076 ts
569 3018 633 3084 est,
663 3003 802 3067 eunucis
823 3003 939 3064 snum
971 3022 1042 3074 esse,
1070 3024 1145 3066 con-

85 3117 212 3169 tentum
232 3105 332 3171 iussit.

51 3233 72 3286 1
174 3223 297 3287 XXIV.
338 3225 375 3288 C.
397 3227 524 3291 Flavius
548 3226 707 3306 Fimbria,
732 3226 789 3310 qui
808 3228 984 3308 praefectus
1004 3227 1146 3311 equitum

87 3336 163 3387 ente
203 3323 373 3421 adventum
411 3329 517 3392 Sullae
556 3329 721 3390 Valerium
762 3328 909 3390 Flaccum
951 3329 1181 3392 consularemao

163 3497 208 3549 12
225 3495 329 3549 Piraeei
363 3500 409 3550 21.
434 3496 583 3549 necessitati
608 3495 752 3548 servientes
786 3497 831 3548 23.
857 3495 885 3546 in
911 3495 1000 3549 Asiam
1040 3499 1085 3548 2³.
1110 3492 1144 3546 ad

88 3565 180 3621 omnis
213 3569 260 3621 24.
277 3568 414 3621 multatum
448 3572 494 3620 26.
512 3569 540 3620 in
557 3565 696 3636 petlogss'

87 3704 90 3711 ’
121 3711 169 3761 12
187 3706 272 3775 Pires]
290 3709 363 3764 Aut.
384 3710 492 3762 Piraeei
508 3713 543 3766 R.
656 3680 1145 3773 cosmatocommunicaremus.

656 3782 702 3830 26.
733 3775 891 3897 perlegam]
920 3779 976 3832 ΔΡ.
1003 3778 1146 3864 ΙρενῙαὲςαε

632 3847 709 3930 ΒΕ..
782 3848 853 3899 cudit
884 3864 952 3902 num.
988 3851 1146 3914 singularem

81 3951 247 4004 necessitati
272 3953 416 4005 servientes
434 3956 508 4007 Pblt.
633 3989 718 4042 „impe
734 3989 890 4055 exemptum,

117 4042 168 4092 ῃ·
183 4038 268 4107 *ml
287 4041 341 4092 ΑΡ·
360 4039 457 4092 *stiam
475 4042 527 4094 bR·
659 4063 704 4110 st.
723 4075 779 4108 esse
799 4057 961 4124 contentum]
987 4057 1018 4112 A.
1037 4024 1146 4109 conteu·
1197 4094 1201 4099 -

118 4129 166 4180 28.
185 4127 262 4199 onte]
282 4128 380 4183 APbll.
398 4127 437 4178 ad
458 4128 562 4182 Rnltnk.
635 4138 694 4181 tum
711 4145 767 4179 esse
784 4128 860 4180 Pbtt.
