2536 4590
487 169 776 249 --104-Ρ

83 366 93 415 t
195 355 362 424 LXXXV.
406 357 541 428 Advenit
571 359 683 427 deinde
711 362 839 427 maximi
866 360 1056 429 discriminis
1087 357 1161 428 tta.

113 476 176 539 quo
209 460 326 527 Caesar
355 465 575 550 Antoniusque
607 464 766 548 productis
798 466 944 529 classibus
972 485 1032 548 pro
1066 461 1162 525 salute

80 560 208 639 taltor,
233 563 266 627 in
288 569 413 633 ruinam
430 569 508 632 alter
524 581 675 631 terrarum
689 569 774 630 orbis
793 568 987 635 dimicavere.
1006 568 1163 629 Dextrum

113 665 242 730 starium
265 671 456 734 Iulianarum
485 689 580 731 cornu
608 669 654 727 Μ.
673 668 772 729 Lario
799 673 1012 746 commissum,
1041 668 1165 727 laevum

114 765 287 847 Atlruntib,
311 773 466 851 Agrippae
502 786 593 828 omne
627 765 745 825 classici
779 768 956 829 certaminis
979 765 1183 840 arbitrium;⁵

114 870 229 933 Caesar
256 872 387 952 siponti
413 866 593 935 destinatus,
615 863 650 924 in
670 884 764 944 quam
788 885 807 924 a
829 865 957 926 fortuna
981 877 1171 940 vocaretur,

113 973 230 1049 ubique
252 968 368 1031 aderat.
412 963 524 1025 Classis
544 961 675 1024 Antonii
692 962 831 1042 regimen
852 965 960 1028 Pulico
992 963 1172 1025 Laesosio-

111 1089 171 1149 que
196 1066 403 1129 commissum.
446 1064 488 1127 At
509 1065 541 1129 in
566 1078 649 1131 terra
671 1067 811 1151 locatum
841 1066 1014 1129 exereitum
1034 1066 1170 1129 Taurus
1207 1150 1209 1157 Ι

75 1166 266 1241 ³Caesarls,
286 1166 416 1229 Antonii
439 1170 566 1250 regebat
588 1168 748 1232 Canidius.
788 1168 855 1233 Ubi
875 1169 987 1231 initum
1007 1179 1167 1229 certamen

109 1277 172 1343 est,
194 1268 300 1331 omnio
320 1268 353 1329 in
376 1271 473 1334 altera
494 1284 584 1353 parte
606 1273 713 1348 fuere,
735 1269 801 1333 dux
821 1271 952 1350 remiges
974 1271 1104 1347 milites,
1132 1271 1194 1331 ints

109 1370 205 1432 alters
227 1368 305 1431 nihil
326 1385 452 1451 praeter
468 1374 592 1434 milites.
636 1371 742 1433 Prima
772 1383 903 1452 occupat
936 1374 1043 1450 fugam
1072 1370 1166 1433 Cleo·

108 1482 207 1551 patra.
249 1471 406 1535 Antonius
430 1472 576 1551 fugientis
599 1471 725 1548 reginae
750 1492 846 1553 quarn
866 1475 1035 1553 pugnantis
1059 1473 1165 1537 militis

108 1571 157 1633 sui
185 1593 289 1637 comes
317 1595 383 1637 esse
412 1571 521 1635 maluit
552 1583 582 1633 et
611 1558 801 1652 impensior,
835 1574 891 1659 qui
924 1576 958 1637 in
987 1575 1163 1639 desertores

74 1674 225 1737 auerte
246 1678 416 1753 debuerat,
445 1673 586 1759 desertor
611 1676 765 1737 exereitus
794 1677 844 1737 sui
867 1677 967 1739 factus
992 1690 1049 1740 est.
1099 1680 1163 1741 Illis

108 1775 193 1839 euim
214 1774 383 1841 detrectato
409 1775 507 1858 eapite
531 1776 566 1837 in
586 1777 715 1858 longum
734 1778 902 1841 fortissime
921 1778 1085 1862 pugnandi
1105 1779 1163 1842 du·
1172 1795 1193 1836 1⁵

107 1878 190 1941 norit
212 1880 383 1945 constantia
403 1891 434 1941 et
456 1877 620 1961 desperata
645 1880 777 1943 victoria
810 1881 844 1942 in
872 1896 1006 1944 mortem
1036 1881 1166 1945 dimica·

109 1983 213 2043 batur.
264 1979 395 2056 Caesar,
430 2001 510 2064 quos
542 1984 628 2044 ferro
664 1994 786 2062 poterat
820 1981 1017 2061 interimere,
1058 1989 1164 2052 verbis

107 2083 244 2145 mulcere
273 2083 399 2163 cupiens
422 2086 645 2166 clamitansque
671 2098 702 2148 et
723 2082 891 2148 ostendens
920 2087 1034 2166 fugisse
1061 2089 1164 2152 Anto·

75 2181 196 2247 bulum
216 2187 403 2268 quaerebat,
424 2207 482 2267 pro
505 2207 569 2269 quo
595 2198 719 2247 etcum
742 2206 805 2268 quo
831 2201 1017 2268 pugnarent.
1059 2191 1102 2254 At
1117 2192 1164 2253 illi

108 2306 179 2348 cum
202 2284 256 2349 diu
279 2307 337 2369 pro
365 2291 490 2351 absente
520 2289 717 2352 dunicassent
745 2287 842 2367 dirce,
872 2310 962 2369 aegre
992 2292 1199 2356 summissistt

108 2389 203 2451 aruris
223 2408 340 2451 cessere
363 2390 544 2470 victoriam3
574 2394 726 2474 citiusque
751 2392 847 2454 vitam
874 2394 1061 2474 veniamque
1085 2393 1163 2455 Cae·

107 2506 158 2552 sar
179 2491 340 2573 promisit,
367 2514 461 2575 quam
491 2494 567 2572 illis,
598 2504 632 2554 ut
661 2514 697 2554 ea
729 2506 949 2572 precarentur,
977 2515 1162 2575 persuasum

108 2604 161 2656 est.
194 2593 315 2677 fuitque
347 2595 380 2655 in
409 2596 551 2656 confesso
572 2595 686 2656 milites
711 2595 821 2674 optimi
847 2595 1070 2683 imperatoris,
1102 2599 1164 2660 im·

73 2705 284 2775 gperatorem
315 2696 502 2775 fugacissimi
535 2698 640 2758 militis
676 2699 818 2758 functum
827 2680 1085 2781 QQQ,
1122 2722 1163 2761 an

69 2796 289 2881 J.Gleopatrae
312 2798 440 2861 arbitrio
465 2799 628 2863 victoriam
649 2810 879 2878 temperaturus
900 2799 1021 2877 fuerat,
1045 2798 1102 2881 qni
1121 2800 1200 2864 ades

69 2870 174 2973 ‚uetus
191 2900 296 2980 fugam
316 2901 480 2962 arbitrimn
497 2900 612 2963 direxit
628 2902 743 2980 fugam.
787 2899 873 2962 Idem
897 2903 1016 2964 locatus
1030 2903 1064 2964 in
1076 2913 1163 2965 terra

76 3032 109 3065 Μ
177 3043 203 3096 t.
219 3040 258 3094 M.
277 3040 358 3093 Lnrio
382 3045 408 3092 5.
423 3043 545 3095 Arruntio
562 3049 588 3095 t.
602 3042 752 3095 Publicolae
769 3043 899 3107 Sosloque
921 3046 964 3096 15.
979 3042 1099 3096 detrecto
1116 3047 1163 3097 24.

107 3113 223 3166 lunatum
236 3111 300 3166 vles.
311 3112 463 3179 Dubftesne,
479 3130 511 3166 au
530 3118 575 3166 25.
589 3113 667 3164 suerit
683 3117 727 3164 26.
743 3112 820 3178 fugae
833 3114 965 3165 arbitrium
975 3113 1161 3169 direxitsnsm.

142 3236 168 3286 4.
186 3234 227 3286 M.
245 3229 339 3297 Lario]
364 3232 436 3286 APb.
464 3235 505 3286 M.
529 3234 615 3285 Lurio
652 3249 689 3283 au
723 3235 867 3288 Gmnerus.
897 3233 1031 3303 sunctum
1065 3236 1163 3304 officio.

107 3304 225 3357 Ursinus.
244 3302 277 3354 R.
650 3303 718 3370 (luis
732 3302 836 3354 dubitet
851 3322 915 3360 suo.
929 3323 965 3356 an
979 3307 1013 3358 R.
1033 3306 1085 3359 tlte
1095 3323 1163 3375 quo·

142 3379 168 3427 b.
187 3370 334 3438 Adruutio]
348 3373 401 3424 ΑΡ.
417 3371 552 3424 Arruntio
562 3374 614 3427 bR.
650 3389 701 3439 qne
727 3373 943 3441 deprehendimus
973 3375 1093 3429 Rbensni
1122 3378 1163 3431 in-

142 3450 168 3499 t.
186 3441 472 3512 PnliroLeesosloque]
487 3446 540 3496 ΑΡ.
557 3448 614 3495 Pu·
651 3445 856 3512 terpolutionem.
898 3447 1088 3514 lneptissimurn
1112 3465 1162 3501 sn·

109 3514 219 3569 blicolne
236 3511 361 3581 tortoque
382 3513 433 3564 bR.
649 3519 701 3567 tem
721 3522 762 3567 est
779 3514 956 3585 fugacissimi
980 3516 1076 3571 militie
1099 3519 1164 3585 offi-

144 3592 186 3641 lb.
205 3582 282 3651 enim]
302 3583 383 3635 APR.
401 3581 483 3634 etiam
501 3585 526 3637 b.
648 3585 736 3644 oium5
759 3601 978 3653 supervacaneum
1004 3595 1032 3641 et
1053 3595 1162 3645 senten·

146 3664 187 3711 lb.
206 3653 362 3719 detrectem]
397 3656 452 3709 AP.
492 3655 613 3710 detracto
648 3656 699 3709 tiae
717 3657 767 3708 vim
785 3657 926 3722 infringens
943 3675 968 3712 v.
986 3676 1044 3712 suo.

109 3732 278 3786 l'nsoosttttts.
296 3723 348 3777 ltR.
684 3731 728 3778 25.
742 3726 855 3796 fuerat]
874 3729 945 3781 APb.
960 3727 1051 3799 suerit
1070 3730 1106 3784 R.

142 3806 187 3855 22.
204 3798 246 3865 en]
266 3794 361 3849 APbR.
380 3811 438 3843 sam
460 3797 612 3854 Salmasius.
683 3802 728 3849 25.
745 3797 782 3846 ad
807 3797 864 3848 eius
886 3798 990 3869 sugam
1016 3799 1163 3854 arbitrium

142 3877 187 3927 24,
201 3870 329 3943 functam
346 3861 476 3918 uidetires
504 3885 535 3918 ns
555 3869 630 3935 (sio)·
650 3866 748 3918 direxit
762 3868 876 3938 fugam]
891 3872 921 3922 A.
942 3869 981 3920 act
996 3871 1055 3923 sius
1067 3871 1162 3942 ⁴fugas

108 3944 156 4009 an]
175 3944 205 3996 Α,
247 3943 355 3991 unctum
378 3935 441 3988 vice.
464 3936 614 3989 Dubitesne
648 3936 791 3989 arbitrium
827 3938 924 3990 direxit
958 3958 1038 3992 suam
1061 3944 1095 3995 0.
1122 3943 1163 3993 od

108 4030 143 4065 tm
161 4016 194 4066 0.
229 4018 337 4062 unctum
354 4004 448 4073 officio.
475 4007 613 4059 Videbit«
648 4008 705 4060 eius
717 4007 859 4061 arbitrium
870 4010 965 4062 direxit
971 4010 1073 4083 fugam
1081 4012 1159 4067 PbR.

107 4100 156 4137 suo
178 4098 214 4133 un
233 4082 263 4135 Ρ.
290 4076 353 4133 llettt
379 4076 419 4143 b.,
443 4076 490 4130 sed
517 4077 613 4130 viderit
649 4082 768 4146 neglecta
797 4077 928 4134 ἀντιθέσει
962 4099 1069 4151 prorsus
1094 4085 1159 4139 Vel-

107 4156 142 4211 ds
161 4150 275 4211 llltsnml
294 4148 359 4204 roni.
382 4145 504 4229 Videbis,
532 4166 612 4202 esua
649 4152 738 4206 telana.

300 4368 402 4392 *a
