2536 4590
529 151 784 225 ..88-

131 355 222 404 tuum
245 344 277 404 in
304 364 374 405 eum
398 344 514 404 sactum
544 338 741 402 execrabitur
769 339 858 402 citius
881 361 975 423 quem
994 340 1116 404 mundo
1139 365 1195 424 ge·

134 465 193 507 nuc
218 445 382 519 hominum
404 464 499 527 quam
524 443 621 505 cedet.

103 573 120 623 1
220 563 354 625 LXVII.
397 563 500 624 Huius
524 560 621 624 totius
644 557 793 638 temporie
814 559 972 622 fortunam
996 581 1053 621 nec
1078 558 1197 621 deflere

134 661 261 745 quidem
283 663 451 746 quicquam
477 665 550 726 catis
581 659 671 741 digne
701 661 820 742 potnit,
854 659 932 724 adeo
959 682 1053 724 nemo
1087 661 1197 742 expri-

51 774 54 778 ”
100 779 218 832 2mere
239 766 343 828 verbis
364 777 476 846 potest.
517 763 554 826 Id
574 775 679 825 tamen
702 761 876 824 notandum
901 776 962 840 eat,
989 762 1086 824 fuisse
1116 780 1215 843 pro-⁵

135 866 264 946 scriptos
286 887 422 928 nixorum
445 865 537 927 fidem
558 848 730 940 aurnnram,
756 865 942 926 libertorum
962 864 1108 941 mediam,
1130 884 1200 926 eer-

135 987 249 1028 vorum
271 967 430 1048 aliquam,
450 969 588 1030 filiorum
611 967 740 1027 nullam.
764 965 842 1028 adeo
866 965 999 1029 difficilis
1023 979 1069 1027 ent
1092 967 1199 1028 homi·

102 1068 227 1130 unibus
242 1080 400 1152 utcunque
421 1082 589 1150 conceptae
606 1070 673 1150 spei
687 1088 785 1130 mora.
826 1068 875 1130 Ne
890 1067 967 1150 quid
983 1069 1039 1129 ulli
1053 1081 1200 1129 sanctum

136 1170 385 1252 relinqueretur,
406 1173 458 1235 rel
480 1172 513 1232 in
535 1171 639 1234 dotem
660 1169 961 1252 incitamentumque
982 1170 1106 1230 sceleris
1130 1154 1200 1230 An·

135 1273 241 1335 tonius
261 1272 300 1333 L.
321 1271 485 1335 Caesarem
508 1275 714 1349 avunculum,
735 1270 875 1353 Lepidus
906 1272 1040 1332 Paulum
1064 1272 1236 1332 fratremn

137 1375 484 1455 proscripseran13nec
507 1378 623 1438 Planco
649 1375 749 1454 gratia
770 1373 871 1435 defuit
891 1372 931 1433 ad
955 1370 1200 1454 impetrandum,

104 1487 173 1540 lut
192 1475 289 1534 frater
310 1476 394 1549 eius,
415 1477 548 1539 Plancus
569 1478 688 1539 Plotius
708 1477 966 1556 proscriberetur.
989 1496 1092 1557 eoque
1114 1474 1202 1536 inter

136 1576 222 1637 iocos
240 1574 403 1654 militaris,
425 1579 481 1660 qui
506 1601 633 1640 currum
654 1577 768 1659 Lepidi
788 1565 957 1660 Planciqne
979 1577 1077 1639 secuti
1097 1590 1201 1655 erant,

137 1678 219 1737 inter
242 1677 471 1740 execrationem
493 1681 608 1743 civium
629 1683 825 1760 usurpabant
842 1681 926 1739 hunc
944 1698 1088 1742 veroum:

251 1777 293 1828 De
313 1781 459 1845 germanis,
478 1797 530 1833 non
548 1781 582 1834 de
601 1782 684 1834 Gallia
702 1781 754 1833 duo
773 1779 930 1848 triumphant
949 1782 1079 1833 consules.
1209 1799 1236 1839 ιε

105 1897 120 1946 1
223 1882 370 1946 LXVlII.
414 1883 480 1948 Suo
496 1888 703 1966 praeteritum
721 1889 790 1948 loco
804 1887 974 1961 reseratum
998 1883 1203 1965 nequeenim

138 2005 276 2065 persona
297 1989 441 2046 umbram
465 1999 550 2048 actae
573 1987 620 2047 rei
644 1989 735 2067 capit.
768 1985 899 2047 dumio
928 1986 993 2046 acie
1021 1985 1204 2046 Pharsalica

139 2080 182 2166 -Ι-
208 2085 376 2167 Africaque
398 2084 436 2146 de
462 2107 581 2149 summa
605 2109 712 2150 rerum
736 2087 851 2149 Caesar
873 2085 1014 2165 dimicat,
1041 2088 1088 2149 M.
1120 2085 1202 2148 Cae·

137 2185 214 2263 lius,
242 2188 291 2249 vir
326 2188 452 2270 eloquio
490 2190 657 2273 animoque
692 2190 824 2252 Curioni
853 2190 1048 2266 simillimus,
1078 2188 1133 2252 sed
1166 2191 1201 2250 in

139 2300 274 2371 utroque
294 2293 480 2371 perfectior,
504 2314 560 2354 nec
581 2294 686 2354 nunno
708 2293 867 2372 ingeniose
889 2311 1026 2373 nequam
1048 2311 1119 2352 cum
1139 2291 1200 2352 im·
1208 2316 1240 2357 ιο

28 2440 51 2461 ,,
139 2390 262 2454 modica
287 2393 413 2475 quidem
431 2395 549 2458 servari
569 2407 692 2477 posset,
713 2397 830 2479 quippe
852 2395 943 2475 peior
966 2393 1013 2453 illi
1036 2413 1088 2453 res
1106 2392 1201 2453 fauri-

106 2493 223 2556 2liaris
245 2517 339 2577 quem
362 2518 450 2559 mene
480 2509 562 2574 erat,
594 2498 627 2558 in
655 2511 801 2579 praetura
830 2515 985 2560 novarum
1020 2495 1201 2556 tabularum

213 2664 236 2713 1.
257 2660 384 2728 citiusque
401 2664 426 2715 in
446 2663 541 2715 mundo
576 2668 602 2717 2.
621 2680 697 2731 qrrnm
723 2665 761 2719 Μ.
779 2663 873 2717 Cicero
898 2661 1008 2731 occidet.
1051 2666 1078 2716 8.
1098 2678 1131 2715 ne
1150 2663 1201 2716 dc-

140 2731 203 2853 iiii?
221 2732 363 2868 qpidppipse
381 2735 406 2785 in
421 2735 579 2802 proscriptos
606 2739 641 2788 ιθ.
661 2737 777 2795 velutin
815 2739 857 2788 tr.
876 2732 939 2785 lecit
975 2737 1019 2785 20.
1039 2748 1098 2786 cum
1117 2749 1152 2786 nc
1175 2736 1203 2787 in

148 2924 164 3007 Ἰ
177 2930 201 2978 1.
220 2927 302 2981 citius
321 2948 397 3000 quem
425 2930 533 2998 mundo]
553 2932 584 2986 A.
612 2930 652 2982 ci·
721 2935 748 2985 ⁶.
762 2888 938 3000 proscriptor]
952 2930 984 2984 A.
997 2927 1026 2981 in
1035 2930 1204 2998 proscriptor

141 3005 249 3067 ltneque
264 2998 293 3049 in
310 3001 407 3051 arundo
424 3002 501 3054 Phlt.
686 3002 762 3055 Pblt.
1252 3022 1259 3029 “

175 3072 201 3120 2.
218 3086 299 3138 quam
313 3069 507 3137 caeremon.
522 3068 650 3141 quom'M.
722 3094 748 3141 9,
766 3087 820 3155 vd]
841 3090 894 3141 ΑΡ.
915 3084 989 3137 velut
1007 3085 1060 3138 bR.

774 3174 957 3242 11³
966 3174 1204 3231 ΗΜ·

140 3277 227 3330 cadet.
247 3279 286 3341 (ln
305 3279 353 3330 litt.
370 3298 403 3332 m.
421 3283 484 3332 latet
495 3295 651 3347 praenomen
723 3266 766 3314 ¹7·
786 3262 871 3330 ⁶⁰Pi‘]
898 3263 997 3318 ΑΜ·
1018 3262 1104 3334 facit.
1121 3263 1204 3317 M¹¹¹¹²

139 3349 179 3399 M.
200 3349 224 3399 in
241 3350 290 3399 litt.
308 3366 322 3397 c
339 3365 431 3401 nomen
449 3350 544 3402 Cicero.
581 3351 651 3402 Nilnl
689 3332 791 3385 clem·

140 3419 230 3483 utique
248 3419 408 3484 frequentius
427 3422 496 3489 apud
513 3421 653 3488 scriptores
726 3425 769 3473 18.
787 3418 953 3490 Africnque]
968 3420 1066 3473 APbR.
1078 3419 1204 3491 circoque

140 3488 257 3541 librarios
280 3506 373 3556 quam:
400 3494 440 3543 M.
460 3494 490 3542 T.
505 3494 548 3555 C.‚
566 3494 606 3542 M.
625 3494 653 3543 0.
688 3490 802 3558 Lipsius·
821 3490 966 3543 Videndum
979 3499 1075 3555 nmen,
1093 3506 1126 3543 nc
1142 3504 1203 3543 nro·

140 3559 169 3610 ln
187 3562 276 3612 ultima
295 3563 380 3613 littera
399 3578 422 3614 v.
443 3560 531 3612 Cicero
547 3568 573 3613 et
587 3561 651 3614 Cod.
689 3563 783 3612 lectum
794 3562 1042 3615 vocabulumortum
1059 3562 1203 3613 sitemcrn

140 3629 229 3695 cedet,
256 3634 327 3695 latet,
344 3634 430 3701 potius
455 3631 556 3683 occidet
575 3649 653 3698 qnam
687 3631 879 3698 geminatione:
948 3630 1204 3683 PHARSALIGA

139 3698 257 3752 Rhennni
289 3702 376 3756 cadet.
426 3703 505 3759 ouon
528 3704 551 3753 ei
579 3702 652 3753 cedet
687 3702 871 3755 ALICADE.
897 3701 964 3755 Nam
982 3702 1060 3754 ctinm
1078 3700 1204 3771 circaque

139 3771 382 3838 aliquisdeiendnt,
402 3775 425 3825 ei
443 3773 579 3839 legendnm
598 3774 648 3825 crit
688 3772 712 3825 h.
740 3774 757 3825 l.
789 3773 895 3824 nimium
931 3779 1054 3839 qrrnntum
1085 3773 1203 3837 languet.

139 3855 173 3892 cx
200 3844 316 3909 vestigiis
351 3843 416 3894 eod.
450 3846 482 3895 A.
514 3843 647 3912 citiusque
717 3847 761 3895 20.
782 3860 842 3909 curn
864 3843 1005 3894 immodica
1030 3841 1146 3912 quidem]
1168 3846 1202 3895 A.

138 3912 245 3966 nanneto.
263 3913 341 3964 cadet
355 3920 441 3966 autem
454 3913 564 3965 dabatur
574 3913 646 3966 Rhe·
683 3930 742 3964 cum
755 3930 787 3963 nc
801 3912 829 3963 in
847 3913 902 3964 otio
918 3913 1024 3983 quidem
1041 3914 1073 3965 0.
1092 3929 1151 3965 cum
1172 3911 1202 3963 in

138 3983 226 4044 nuno.)
682 3983 784 4034 modica
820 3981 906 4034 uidem
925 3986 956 4037 P.
983 4002 1042 4034 cum
1061 4000 1093 4034 nc
1111 4000 1129 4031 α
1148 3981 1203 4035 ‹n'n

172 4054 197 4102 3.
217 4053 274 4117 nec]
293 4055 348 4108 AB.
367 4053 457 4107 Editio
476 4053 645 4123 princepnnl·
682 4052 787 4123 quidem
802 4002 830 4106 i.
850 4071 910 4105 cum
929 4054 957 4105 in
976 4054 1031 4104 olio
1056 4070 1089 4103 ac
1109 4052 1201 4123 quim

138 4127 201 4174 lere.
218 4139 250 4171 ne
264 4123 351 4177 Editio
363 4128 481 4194 princepe
493 4124 645 4194 primnbll.
681 4123 786 4176 cervari
800 4142 852 4187 non
867 4133 960 4195 posset
977 4123 1082 4177 Ruhnk.
