2536 4590
506 207 766 285 ..52-

111 402 211 486 gentis
233 397 373 465 clarioris
395 417 489 483 quam
511 395 607 461 animi
618 441 628 477 ,
644 395 819 460 Sertorium
839 395 922 462 inter
944 418 1076 464 coenam
1089 397 1166 495 Eto-

109 530 179 572 scas
209 503 369 568 interemit
396 502 619 582 Romanosque
656 511 771 561 certam
806 501 966 563 victoriam
977 545 987 581 ‚
1020 504 1166 583 partibus

109 612 174 673 suis
194 606 366 684 excidium,
388 603 448 666 sibi
468 601 679 682 turpissimam
699 614 833 663 mortem
854 603 990 683 pessimo
1019 616 1167 669 auctora·

74 711 153 777 2·vit
173 713 322 773 facinore.
366 707 512 768 Metellus
532 702 700 786 Pompeius
724 724 765 765 ex
794 704 954 785 Hispaniis
987 705 1167 788 triumpha·

30 793 34 802 ¹
106 825 230 875 verunt.
273 808 328 873 sed
346 807 513 887 Pompeius
534 808 595 867 hoc
615 825 742 888 quoque
759 806 920 888 triumpho
938 805 1040 869 adhuc
1066 822 1185 893 aqueas

105 914 167 975 Ro.
191 909 367 973 antediem
391 929 486 991 quam
507 907 700 970 consulatum
720 905 834 985 iniret,
862 929 957 969 curru
978 910 1093 972 urbem
1115 911 1166 972 in·

75 1023 207 1079 avectus
230 1024 286 1073 est.
329 1008 431 1086 Quem
451 1009 556 1072 virum
578 1008 649 1091 quis
667 1008 849 1070 nominetur
869 1029 928 1089 per
949 1021 997 1072 tot
1019 1021 1166 1076 extraor-

102 1113 224 1176 dinaria
245 1111 377 1193 imperia
399 1110 433 1171 in
453 1131 611 1173 summum
631 1109 790 1189 fastigium
822 1123 946 1174 vectum
977 1111 1091 1196 iniquo
1114 1128 1165 1177 tu·

98 1214 172 1276 lissa
195 1212 306 1296 iniquo
331 1212 365 1274 C.
385 1212 527 1274 Caesaris
546 1211 581 1272 in
604 1213 703 1274 altero
727 1214 890 1275 consulatu
911 1211 1048 1293 petendo
1070 1235 1163 1279 sena·

99 1329 168 1379 tum
190 1317 407 1398 populumque
437 1315 497 1377 Ro.
531 1313 686 1375 rationem
718 1315 846 1375 habere.
895 1313 973 1376 adeo
1006 1316 1196 1381 familiarem

99 1427 146 1477 est
167 1416 349 1477 hominibus
372 1414 479 1476 omnia
500 1411 560 1473 sibi
589 1411 766 1491 ignoscere,
789 1412 870 1474 nihil
904 1415 972 1476 aliis
1001 1420 1162 1483 remittere

100 1513 307 1591 et0invidiam
333 1535 441 1577 rerum
471 1535 538 1576 non
566 1510 606 1573 ad
634 1533 776 1591 causam,
805 1514 860 1576 sed
892 1514 932 1577 ad
964 1518 1162 1583 voluntatem

67 1622 310 1699 tpersonasque
333 1614 476 1694 dirigere.
515 1615 585 1676 Hoc
603 1615 764 1676 consulatu
776 1617 944 1696 Pompeius
957 1618 1162 1699 tribuniciam

69 1718 131 1780 sP.
142 1718 297 1794 restituit,
322 1716 410 1778 cuius
432 1716 520 1778 Sulla
540 1714 709 1795 imaginem
730 1716 765 1777 in
784 1716 853 1778 iure
869 1719 1050 1800 reliquerat.
1069 1722 1160 1785 Dum

97 1816 316 1882 Sertorianum
336 1819 456 1880 bellum
478 1817 514 1879 in
537 1818 691 1899 Hispania
714 1816 851 1898 geritur,
872 1840 970 1882 nxrut.
991 1822 1118 1902 fugitivi
1142 1842 1193 1889 ess

94 1920 172 1984 ludo
194 1920 379 2000 gladiatorio
402 1918 511 1999 Capua
530 1920 745 1999 profugientes
767 1917 845 1980 duce
866 1918 1037 2002 Spartaco,
1057 1926 1159 2006 raptis

94 2044 136 2085 ex
158 2044 194 2083 ea
216 2025 295 2085 urbe
315 2019 424 2101 gladiis
444 2022 549 2102 primo
572 2022 749 2083 Vesuvium
772 2035 912 2084 montem
924 2026 1058 2105 petiere,
1077 2048 1159 2093 mox

94 2123 130 2185 in
154 2122 219 2187 dies
250 2135 404 2186 crescente
436 2120 636 2184 multitudine
664 2122 810 2201 gravibus
839 2126 997 2207 variisque
1030 2127 1157 2194 casibus

62 2224 238 2290 oadfecere
258 2227 391 2290 Italiam.
417 2245 554 2308 quorum
575 2244 724 2286 numerus
747 2224 782 2284 in
803 2235 925 2287 tantum
940 2224 1093 2307 adulavit,
1118 2242 1157 2295 ut

49 2367 58 2380 ·
95 2348 160 2411 quo
183 2328 292 2389 ultima
310 2324 496 2389 dinticavere
512 2326 593 2405 acio,
613 2329 648 2388 ῑᾱ
665 2349 684 2387 a
706 2345 769 2387 ccc.
781 2326 946 2388 hominum
961 2349 994 2389 se
1005 2328 1190 2394 Romanum

95 2429 235 2491 exercitu
256 2427 472 2509 opposuerint.
512 2428 615 2488 Huius
637 2427 752 2509 patrati
771 2428 868 2506 gloria
884 2450 981 2509 penes
996 2431 1048 2510 M..
1059 2429 1155 2496 Cras·

95 2549 165 2593 suns
185 2530 264 2609 fuit,
288 2549 364 2591 mox
384 2524 427 2614 †
448 2527 495 2591 rei
512 2530 549 2591 P.
570 2529 656 2592 omni
678 2529 863 2612 principem.

165 2698 190 2749 1.
208 2696 294 2749 Oscae
335 2699 361 2748 2.
390 2695 568 2764 Romanisque
611 2699 636 2749 4.
663 2695 786 2748 Metellus
812 2704 839 2750 et
862 2697 1003 2766 Pompeios
1044 2702 1073 2753 7.
1096 2714 1151 2753 non

91 2765 200 2820 miretur
234 2771 261 2821 8.
280 2772 398 2820 evectum
417 2767 505 2834 iniquo
523 2768 618 2820 tulisse
635 2767 721 2818 animo
757 2770 976 2836 reposcentem
1019 2770 1063 2822 14.
1080 2769 1151 2822 ima-

89 2837 280 2904 ginemsinere
315 2841 359 2893 1s.
369 2838 485 2892 cladibus
520 2843 565 2891 20.
580 2838 732 2904 qusultima
767 2841 812 2889 20.
828 2840 943 2893 nomilia
958 2841 1004 2890 st.
1019 2841 1150 2893 exercitui

125 2983 151 3032 1.
176 2980 303 3047 Etoscas]
329 2981 401 3036 4Ρί).
437 2985 521 3035 Oscae
543 2944 600 3038 13u-
672 2984 715 3033 15.
735 2980 852 3047 axina]
886 2979 985 3034 APbR.
1016 2997 1147 3036 uxrsrr.

90 3054 189 3104 tessus.
207 3051 242 3104 ll.
635 3051 748 3119 Lipsius.

123 3140 150 3187 2.
176 3138 373 3209 Romanosque]
405 3138 437 3193 Δ.
455 3138 598 3192 Romanis·
670 3126 712 3174 ¹⁸·
736 3122 764 3202 fn
783 3121 839 3203 df&
857 3119 999 3188 mmm]
1027 3123 1059 3176 A·
1087 3139 1149 3175 ‘'0'‘

88 3222 139 3275 que
157 3206 232 3258 PbR,
631 3200 720 3242 scente
731 3209 760 3241 sn
776 3191 914 3244 dsestR.

122 3293 148 3344 4.
172 3289 302 3342 Metellus
312 3291 465 3361 Pompeius]
476 3296 507 3348 Α,
534 3296 597 3347 Me.
631 3259 854 3386 Βυὶῗωῗδῶαθ]
887 3259 986 3345 Apffl·
1004 3258 1145 3313 damu-t

86 3359 168 3411 tellus
186 3369 213 3410 et
232 3360 373 3429 Pompeius
397 3365 472 3417 Pblt.
665 3406 711 3453 20.
729 3401 792 3472 quo]
811 3401 842 3453 Α,
860 3416 915 3471 qua
931 3400 1008 3453 Pblt.

121 3449 148 3500 4.
172 3463 205 3497 aa
235 3447 381 3529 Hispanas
409 3449 595 3532 triumphose·
665 3469 1057 3536 eo.x1accc.]l.xcmuu
1070 3471 1143 3525 vos-

85 3517 162 3584 runt]
181 3518 264 3571 ABR.
289 3535 322 3569 ex
340 3521 473 3589 Htspanrs
497 3529 596 3572 trium·
631 3540 693 3594 spus,
707 3557 832 3594 mccc
849 3542 908 3596 PR,
925 3540 1049 3594 nmilia
1067 3541 1093 3593 b,

80 3587 206 3658 Pharum
228 3590 277 3644 Pb·
666 3615 711 3663 21.
730 3612 860 3679 exercitu]
880 3611 910 3663 l.
923 3609 1141 3666 exorcisatl'btt.

120 3679 146 3729 7.
164 3674 326 3743 nominetur]
352 3677 384 3730 Δ.
409 3696 462 3732 non
482 3677 595 3732 miretur
665 3685 709 3734 22.
727 3699 787 3732 mox
809 3681 847 3732 rei
865 3683 899 3732 P.
914 3680 995 3749 omns]
1021 3684 1052 3735 Α.
1079 3699 1141 3732 mox

83 3744 160 3798 Pblt.
629 3751 743 3804 Romani
753 3751 865 3803 nominis
874 3750 979 3804 Ruhnk.
990 3769 1050 3802 mox
1061 3751 1140 3818 Reip.

119 3819 145 3866 8.
177 3815 294 3883 vectum]
332 3816 430 3871 APbR.
472 3829 592 3872 evectum
629 3823 744 3874 evurtium
776 3824 834 3875 PR.
869 3839 928 3872 mox
957 3824 1139 3873 Romanorum

83 3883 214 3938 Heinsius.
606 3892 781 3944 'omniumu
818 3891 941 3944 Ceterum
956 3893 1026 3944 subit
1040 3892 1137 3958 mitari,

116 3958 143 4005 8.
161 3955 254 4037 iniquo
275 3952 371 4034 tulisse
386 3953 590 4025 iniquo]A.ini-
626 3978 673 4016 cnr
690 3968 826 4031 tantopere
844 3962 882 4015 M.
902 3963 989 4015 Crassi
1007 3962 1096 4015 landes
1109 3961 1135 4015 h.

82 4041 135 4095 quo
155 4025 251 4078 tulisse
269 4042 357 4077 onemo
375 4026 450 4080 Pbll.
625 4033 643 4087 l.
654 4034 833 4100 exaggerant,
848 4033 1000 4100 praesertim
1009 4048 1067 4085 cum
1078 4038 1137 4084 sta-

117 4095 161 4146 14.
176 4094 297 4176 ΠΛΡ.
312 4105 476 4165 potestatem
494 4095 546 4150 btt.
624 4103 671 4155 tim
684 4111 807 4170 sequatur
832 4103 916 4154 simile
938 4103 1059 4172 Pompeii
1076 4104 1134 4155 elo·

117 4165 159 4218 14.
177 4181 207 4219 m
220 4166 291 4233 suro]
309 4167 363 4222 ΑΡ.
381 4165 438 4221 sins
454 4185 483 4220 rs
502 4168 552 4221 stt.
570 4228 576 4239 ⁶
623 4173 709 4242 glum,
728 4179 755 4228 et
773 4174 804 4228 C.
818 4175 902 4238 44,2.
922 4171 956 4226 ds
972 4173 1134 4227 Cmssoiute
