2536 4590
554 189 838 268 -tts-

172 385 298 463 luliam,
320 403 416 467 qnam
439 381 475 443 in
503 379 703 444 matrimonio
733 378 901 443 Marcellus
931 382 1105 462 habuerat,
1137 382 1227 449 duxit

171 507 320 562 uxorem,
342 485 490 547 feminam
513 504 616 566 neque
637 482 698 545 eibi
721 503 824 564 neque
845 483 924 564 reip.
946 484 1044 547 felicis
1066 487 1165 549 atteri.

138 607 155 656 1
256 588 370 651 XCIV.
411 589 481 650 Hoc
500 597 599 649 tractu
621 597 797 666 temporum
819 585 857 649 T.
878 585 1027 651 Claudius
1045 588 1147 667 Nero,
1165 608 1227 674 quo

170 692 287 775 primo,
319 703 354 753 ut
375 689 603 772 praediximus,
631 687 722 751 Livia
751 687 850 750 Drusi
878 688 1044 752 Claudiani
1073 692 1158 771 iilia,
1180 714 1229 755 re·
1249 704 1263 781 q

171 793 343 875 spondente
367 793 397 854 ei
419 791 563 870 Nerone,
585 791 636 853 cui
657 802 728 853 ante
750 801 849 872 nupta
865 792 987 870 iuerat,
1011 791 1143 856 Caesari
1161 814 1242 859 nu-s

137 910 290 980 2peerat,
316 893 499 959 linnutritue
511 895 688 958 caelestium
707 905 946 974 praeceptorum
967 892 1157 976 disciplinis,
1181 898 1228 960 iu·

170 1001 257 1064 venis
288 1019 399 1080 genere
426 998 528 1060 forma
558 993 738 1057 celsitudine
769 995 925 1076 corporis,
958 997 1086 1077 optimis
1118 998 1228 1063 studiis

171 1104 369 1185 maximoque
390 1101 515 1180 iugenio
545 1098 817 1173 instructissimus,
847 1098 903 1180 qui
922 1099 1067 1178 protinus
1091 1113 1227 1182 quantus

136 1217 231 1281 seat,
251 1207 371 1286 sperari
391 1214 537 1284 potuerat
551 1203 700 1282 visusque
716 1199 900 1281 praetulerit
911 1199 1097 1282 principem,
1118 1197 1226 1286 lquae·

170 1319 236 1369 stor
260 1305 523 1370 undevicesimum
554 1307 671 1364 annum
699 1323 791 1381 agene
821 1322 980 1382 capessere
1001 1303 1107 1385 coepit
1124 1320 1252 1390 rempsc

169 1407 398 1491 maximamque
434 1407 649 1468 difficultatem
683 1424 827 1467 annonae
859 1425 894 1466 ao
920 1405 968 1466 rei
1001 1405 1224 1471 frtnnentariae
1261 1422 1263 1437 '

168 1507 309 1590 inopiam
329 1509 373 1570 ita
394 1509 475 1571 ostia
497 1519 626 1589 eratque
646 1507 681 1567 in
704 1509 781 1569 urbe
802 1506 984 1569 mandatum
1013 1508 1137 1572 uictrici
1158 1533 1224 1576 mo·

170 1608 294 1673 demtus
324 1622 387 1688 est,
410 1621 446 1672 ut
471 1630 529 1691 per
551 1608 600 1686 id,
630 1606 716 1691 quod
750 1609 875 1688 agebat,
906 1623 1044 1693 quantus
1074 1634 1221 1678 evasurus
1249 1600 1253 1611 ¹

135 1724 266 1791 deeset,
288 1705 433 1776 eluceret.
475 1712 542 1774 Nec
564 1711 661 1772 multo
683 1722 756 1791 post
774 1713 886 1772 missus
912 1711 1081 1775 abeodem
1094 1715 1221 1778 uictrico

170 1834 241 1876 cum
262 1813 461 1878 exercitu-ad
483 1813 626 1878 visendas
656 1811 865 1890 ordinandas,
891 1834 971 1895 quae
1003 1818 1062 1878 sub
1093 1813 1242 1881 Orienteu

169 1930 261 1992 sunt,
281 1919 472 1997 provincias,
489 1915 666 1998 praecipuis
687 1919 832 1979 omnibus
854 1915 1005 1978 virtutum
1025 1920 1219 1999 experimen·

169 2018 208 2079 tis
228 2019 262 2078 in
283 2039 320 2079 eo
350 2030 481 2081 tractatu
510 2017 599 2081 editis
629 2039 699 2080 cum
727 2018 901 2097 legionibus
926 2016 1085 2096 ingressus
1112 2020 1219 2083 Arme·

28 2120 59 2191 ,μ’
151 2109 159 2123 ”
170 2119 254 2181 niam
263 2163 272 2197 ,
294 2117 421 2183 redacta
441 2119 528 2179 eain
544 2131 728 2201 potestatem
741 2121 776 2181 P.
786 2120 825 2180 R.
841 2139 972 2196 regnum
988 2120 1054 2182 eius
1068 2119 1219 2183 Artauzdi

63 2175 136 2285 A
170 2219 264 2285 dedit.
285 2222 373 2282 cuiue
392 2241 451 2282 rex
480 2241 607 2304 quoque
640 2221 828 2282 Parthorum
863 2222 940 2282 tanti
972 2222 1111 2286 neminie
1138 2225 1218 2287 lama

168 2322 296 2384 territus
316 2323 431 2383 liberos
454 2342 527 2384 suos
551 2322 589 2383 ad
612 2324 776 2385 Caesarem
797 2322 881 2383 misit
901 2321 1035 2385 obsides.
1222 2333 1263 2377 2

55 2405 59 2415 ’
137 2443 154 2495 1
252 2420 353 2484 XCV.
383 2423 566 2485 'Reversum
589 2423 662 2485 inde
682 2425 842 2486 Neronem
865 2424 980 2495 Caesar
998 2422 1084 2488 haud
1102 2424 1218 2491 medio·

170 2525 230 2586 crie
254 2523 329 2585 belli
347 2543 468 2586 morem
491 2527 630 2608 experiri
650 2527 757 2589 statuit
779 2525 921 2588 adiutore
944 2526 1049 2607 operis
1068 2524 1143 2593 dato
1156 2529 1217 2591 ire·

87 2700 89 2706 ¹
169 2639 218 2690 tre
238 2626 334 2707 ipsius
358 2626 466 2689 Druso
498 2627 649 2706 Claudio,
682 2649 774 2711 quem
803 2627 886 2690 intra
917 2628 1066 2692 Caesaris.
1091 2643 1217 2714 penates

31 2726 36 2755 ⁵
66 2746 69 2758 ¹
136 2751 156 2805 2
170 2727 264 2792 enixa
286 2739 353 2790 erat
373 2726 475 2792 Livia.
519 2733 635 2814 quippe
656 2743 788 2814 uterque
813 2728 919 2793 divisis
939 2732 1081 2813 partibus
1105 2734 1218 2797 Raetos

241 2873 268 2922 3.
286 2868 328 2922 Ti.
347 2869 470 2922 claudius
488 2869 574 2937 Nero,
592 2888 645 2938 qno
668 2871 745 2925 trimo
789 2870 1012 2938 artemonianos
1058 2877 1084 2928 9.
1110 2873 1217 2941 vlnsqns

171 2940 330 3008 praetulerat
376 2945 417 2993 12.
438 2943 528 2996 Ostiae
550 2951 629 3010 etque
647 2945 673 2996 in
717 2945 761 2994 12.
786 2941 908 2995 mandatu
930 2943 1026 3003 ttitriol⁴
1060 2947 1104 2999 14.
1127 2945 1217 2998 vitrieo

172 3014 215 3064 15.
233 3010 452 3079 ordinandisque,
477 3029 544 3079 quae
591 3019 632 3068 16.
658 3013 772 3068 omnium
818 3016 964 3066 1ttractn
1011 3018 1054 3067 ts.
1081 3014 1218 3070 Artauasdi

170 3079 250 3135 dedit.
275 3080 337 3147 quin
353 3097 401 3135 rex
435 3086 480 3136 22.
499 3085 568 3137 mole

205 3188 232 3236 8.
254 3183 296 3249 tt]
316 3185 369 3237 ΑΡ.
391 3183 431 3237 Τι’.
449 3186 501 3239 bR.
747 3189 791 3241 12.
808 3185 924 3255 victrici]
959 3187 1031 3241 APb.
1058 3186 1150 3241 vitrici
1175 3189 1219 3242 Al·

206 3256 232 3306 4.
247 3253 344 3320 primo]
365 3256 418 3305 ΔΡ.
436 3255 515 3308 trimo
533 3256 622 3309 Aldus.
640 3257 675 3310 tt.
711 3255 767 3309 dus.
786 3257 821 3309 R.

170 3322 257 3392 (prins
276 3331 341 3374 nato
359 3323 395 3389 b'.)
747 3330 789 3379 14.
809 3325 930 3396 victrice]
949 3328 1003 3382 AP·
1022 3327 1119 3383 vitrico
1136 3331 1188 3384 stt.

206 3397 233 3444 5.
259 3392 441 3461 respondente]
474 3396 530 3449 ΑΡ.
564 3396 677 3466 despon-
748 3396 972 3450 reordinandos
991 3397 1071 3468 quas]
1090 3403 1124 3459 A.
1147 3399 1218 3454 ordi-

172 3461 249 3516 dents
267 3464 319 3519 bit.
711 3465 883 3537 nausiasque,
903 3485 971 3538 qnos
994 3470 1070 3522 PbR.

207 3540 234 3590 ὅ.
252 3534 277 3587 ei
295 3533 409 3601 Nerone]
427 3534 486 3592 BR.
516 3535 556 3589 tt.
575 3535 677 3587 Nerone
749 3541 791 3590 16.
811 3537 939 3605 astartibus]
961 3541 992 3592 A.
1011 3539 1129 3593 omnium
1145 3543 1220 3596 PbR.

172 3608 219 3672 A.‚
237 3607 273 3658 ite
286 3607 460 3659 sumeuutsl'i.
475 3609 677 3677 superscriptum
749 3612 792 3662 ts.
810 3609 945 3675 tractatu]
971 3611 1026 3664 AP.
1056 3620 1150 3664 tractu
1169 3614 1220 3667 btt.

171 3677 214 3730 stt.
234 3677 336 3728 Nerone
354 3677 402 3732 Pb.
750 3683 792 3731 ts.
809 3678 959 3747 Artanada]
986 3680 1041 3734 AB.
1067 3683 1224 3736 Artauasdi

207 3752 233 3800 9.
252 3745 378 3816 visusque
408 3747 580 3816 praetulerit]
607 3750 678 3802 APb.
712 3751 788 3803 Pbtt.
824 3749 990 3813 (Artauasdi
1019 3760 1141 3821 ereptum
1173 3755 1223 3807 Ίῖ·

171 3817 284 3887 vs'suque
306 3816 475 3886 praetulerat
503 3821 620 3873 Ursinus.
643 3820 679 3873 R.
712 3819 794 3892 grani
811 3819 883 3870 dedit
900 3821 1024 3888 Lipsius.)

208 3886 679 3957 10.capceeers]ABbR.cassescereP.
751 3889 989 3959 ts.cuius].aPt1.
1016 3892 1081 3964 quin
1098 3894 1134 3948 R.
1161 3912 1224 3948 cuns

209 3961 253 4013 12.
271 3957 342 4010 ostia
363 3959 485 4030 eratque]
506 3962 560 4011 ΑΡ.
587 3961 679 4013 Ostiae
713 3962 861 4015 Salmasius.

174 4035 256 4096 atque
273 4026 422 4083 Riteosnus.
441 4030 492 4083 att.
747 4037 792 4086 22.
811 4032 915 4098 morene]
936 4035 968 4088 A.
986 4033 1078 4087 molem
1088 4035 1139 4089 rt.
1156 4035 1225 4091 mols

210 4099 254 4149 12.
274 4096 441 4169 nsandotum]
459 4104 489 4155 A.
503 4097 632 4152 mansdatis
644 4101 677 4154 0.
712 4102 843 4157 Heinsius.
861 4103 894 4156 tt.

175 4165 303 4218 mandato
314 4168 389 4223 rbtt.
748 4177 792 4229 24.
810 4171 922 4242 Raetos]
941 4176 972 4229 A.
990 4174 1092 4230 Rhesos
1109 4176 1190 4234 PbR.
