2536 4590
549 197 809 273 ..66-

147 392 267 455 iniestis
288 391 347 457 sibi
358 437 366 471 ,
388 403 537 477 quattuor
557 383 745 450 scalmorum
765 405 877 449 navem
898 405 962 446 una
984 405 1055 448 cum
1075 382 1207 451 duobus

148 495 254 556 amicis
284 493 454 578 decemque
488 489 584 555 servis
613 490 770 567 ingressus
801 489 1022 550 effusissimum
1051 486 1210 551 Adriatici

114 599 243 661 zmaris
265 599 383 659 traiecit
404 598 518 659 sinum.
566 591 638 666 Quo
673 588 799 670 quidem
829 590 863 650 in
895 611 988 652 cursu
1018 591 1209 670 conspectis,

147 714 184 762 ut
206 702 354 781 putabat,
384 699 557 779 piratarum
578 692 710 754 navibus
732 712 803 751 cum
829 691 965 752 exuisset
993 703 1114 753 vestem
1135 693 1209 753 alli-

146 813 309 882 gassetque
332 801 502 879 pugionem
522 794 563 856 ad
591 795 694 854 femur
726 793 867 871 alterutri
901 813 934 854 se
969 795 1115 854 fortunae
1146 811 1228 874 pa-s

146 919 241 975 rans,
262 920 339 960 mox
360 899 513 960 intellexit
542 899 725 957 frustratum
756 915 822 957 esse
849 897 952 958 visum
988 916 1082 955 suum
1106 898 1209 959 arbo·

147 1021 281 1082 rumque
295 1021 336 1060 ex
351 1002 523 1082 longinquo
541 997 684 1061 ordinem
701 1009 916 1058 antemnarum
932 997 1114 1077 praebuisse
1126 998 1209 1061 ima·

114 1105 260 1184 sginem.
291 1103 425 1185 Reliqua
446 1104 512 1163 eius
536 1113 602 1162 acta
627 1101 662 1160 in
681 1101 761 1160 urbe
777 1100 1032 1181 nobilissimaque
1048 1099 1208 1189 Dolpbel-

146 1206 195 1266 lae
221 1206 375 1267 accusatio
400 1217 432 1266 et
458 1203 560 1265 maior
592 1201 785 1265 civitatisin
815 1221 852 1261 es
883 1201 988 1278 lavor,
1021 1220 1117 1282 quam
1142 1201 1209 1263 reis

146 1320 306 1390 praestare
337 1308 435 1382 solet,
464 1306 742 1387 contentionesque
773 1304 877 1367 civiles
913 1325 984 1364 cum
1022 1300 1062 1376 Q.
1089 1301 1240 1366 Catulum

138 1408 241 1489 'atque
264 1409 331 1467 aliis
348 1408 598 1468 eminentissimis
613 1407 689 1470 viris
711 1407 952 1484 celeberrimae,
978 1418 1009 1467 et
1024 1417 1096 1466 ante
1111 1425 1209 1486 prae-

147 1521 251 1570 turam
285 1510 392 1580 victus,
416 1508 547 1568 maximi
578 1506 776 1588 pontificatus
806 1509 956 1588 petitione
988 1504 1028 1581 Q.
1063 1503 1208 1583 Catulus,

113 1610 291 1671 somnium
315 1608 510 1670 consessione
532 1622 656 1671 senatus
683 1610 845 1690 princeps,
877 1623 906 1670 et
927 1610 1067 1670 restituta
1095 1609 1130 1671 in
1152 1630 1208 1671 ae·

147 1709 266 1774 dilitate
290 1709 473 1773 adversante
498 1710 625 1793 quidem
655 1711 817 1771 nobilitate
843 1723 1045 1772 monumenta
1068 1708 1105 1772 G.
1132 1710 1207 1771 Ma·

41 1870 45 1879 .
146 1813 202 1890 rii,
227 1815 382 1897 simulque
406 1815 544 1878 reuocati
574 1811 614 1874 ad
639 1813 688 1875 ius
711 1812 866 1894 dignitatis
896 1814 1143 1894 proscriptorum
1163 1813 1240 1877 Ῑὶ-ιε

147 1915 235 1990 beri,
257 1929 288 1977 et
309 1927 457 1994 praetura
471 1926 708 1996 'quaesturaque
732 1915 868 1977 mirabili
888 1915 1003 1978 virtute
1033 1927 1126 1996 atque
1154 1916 1208 1977 in·

148 2011 267 2076 dustria
289 2017 374 2078 obita
394 2015 429 2074 in
453 2015 620 2094 Hispania,
651 2013 735 2098 (cum
768 2029 848 2078 esset
879 2028 1026 2099 quaestor
1056 2020 1116 2079 sub
1137 2020 1209 2081 Ve-

147 2128 213 2178 tere
233 2114 397 2194 ilntistio,
419 2137 479 2178 avo
510 2117 604 2177 huius
630 2117 753 2178 Veteris
785 2120 956 2180 consularis
980 2141 1016 2181 ac
1035 2120 1208 2201 pontificis,

148 2219 283 2282 duorum
307 2220 518 2282 consularium
540 2233 571 2281 et
592 2219 789 2282 sacerdotum
809 2221 923 2301 patris,
946 2222 1005 2283 viri
1023 2221 1059 2282 in
1078 2235 1207 2286 tantum

145 2323 238 2397 boni,
263 2323 297 2381 in
321 2335 472 2403 quantum
492 2324 629 2383 humana
651 2325 828 2405 simplicitas
844 2323 975 2403 intelligi
988 2321 1113 2406 potest,)
1136 2346 1241 2410 quoao

147 2424 272 2486 notiora
294 2436 382 2500 suut,
406 2424 510 2485 minus
534 2439 623 2504 egent
645 2427 727 2487 stilo.
797 2476 801 2481 .

113 2544 130 2592 l
232 2523 350 2590 XLIV.
391 2527 459 2589 Hoc
480 2527 575 2606 igitur
598 2525 687 2590 COS.
714 2529 797 2589 inter
819 2548 890 2589 eum
919 2539 950 2590 et
982 2525 1041 2588 Cn.
1064 2525 1204 2609 Pompe-

146 2630 211 2691 ium
236 2641 266 2690 et
290 2630 337 2691 M.
370 2628 517 2691 Crassum
550 2630 628 2691 inita
658 2617 817 2712 potentiae
848 2629 994 2704 societas,
1018 2649 1099 2712 quae
1128 2631 1206 2691 urbi

146 2731 279 2814 orbique
300 2745 457 2794 terrarum
479 2754 536 2794 nec
557 2733 661 2796 minus
684 2733 807 2797 diverso
821 2753 948 2815 quoque
969 2744 1109 2812 tempore
1122 2730 1203 2813 ipsis

111 2836 314 2896 2exitiabilis
336 2836 405 2898 tuit.
451 2836 521 2900 Hoc
553 2837 717 2899 consilium
746 2833 899 2918 sequendi
928 2833 1096 2913 Pompeius
1125 2855 1239 2896 cau-m

145 2956 210 2997 sam
231 2938 401 3014 habuerat,
422 2953 458 3000 ut
482 2939 608 3002 tandem
630 2953 697 3003 acta
720 2941 754 3001 in
780 2937 996 3000 transmarinis
1017 2935 1203 3017 provinciis,

144 3040 275 3122 quibus,
302 3052 337 3100 ut
368 3041 527 3120 praedixi,
556 3045 649 3106 multi
682 3043 913 3116 obtrectabant,
944 3059 1002 3119 per
1032 3035 1201 3100 Caesarem

144 3139 406 3202 confirmarentur
425 3140 514 3225 COS.
541 3143 656 3205 Caesar
676 3158 796 3221 autem,
825 3140 912 3226 quod
933 3136 1202 3203 animadvertebat

143 3259 176 3301 se
194 3237 331 3303 cedendo
354 3243 484 3323 Pompei
507 3245 623 3323 gloriae
645 3258 811 3307 aucturum
830 3264 917 3306 suam
936 3254 966 3303 et
978 3239 1096 3306 invidia
1110 3262 1201 3305 com-

206 3412 240 3530 (p.
252 3407 407 3492 'Dolabellae
443 3413 494 3473 10..
505 3411 631 3479 praestari
667 3412 711 3462 24.
731 3409 834 3462 diuerso
846 3421 1000 3476 quamquam
1015 3412 1133 3477 tempore
1150 3411 1199 3466 27.

141 3493 204 3547 prae
223 3493 317 3530 txtmus

176 3609 203 3657 8.
218 3602 382 3673 Dolabellae]
402 3607 500 3660 Arsit.
520 3603 650 3658 Dolabel·
684 3621 788 3673 quoqne
814 3621 872 3658 cum
899 3604 1069 3658 admiratione
1086 3605 1197 3673 legerat.

140 3672 183 3726 lae
202 3676 318 3727 Clodius.
685 3677 717 3727 ds
732 3680 808 3728 Orat.
828 3677 858 3728 C.
870 3680 913 3729 ³4.

175 3750 201 3797 9.
220 3746 248 3796 in
262 3746 305 3811 ea]
329 3745 428 3799 sttt.
456 3743 484 3796 in
502 3763 532 3797 ao
557 3747 649 3812 (Dola-
712 3751 753 3798 1⁰.
768 3746 961 3814 praestandi.
972 3742 1196 3812 praestarinR.

139 3815 219 3881 bella)
241 3817 362 3868 Heinsius
388 3817 461 3883 prob·
484 3816 649 3869 Rulmlteulo.
711 3822 754 3869 ts.
773 3816 817 3882 ac]
838 3819 868 3869 Α.
888 3824 971 3885 atque
987 3814 1064 3867 PbR.

139 3885 252 3953 Recepit
276 3886 389 3939 Fiedler.
426 3884 482 3937 Sed
499 3886 650 3940 adversatur
710 3891 754 3938 24.
774 3885 889 3956 quoqne]
913 3883 1012 3938 srbtt.
1032 3899 1197 3957 quamquam

138 3958 281 4009 sententiae
319 3956 468 4024 scriptoris,
504 3958 549 4021 qui
580 3957 648 4010 Cae·
684 3957 816 4008 Heinsius.

138 4038 238 4084 sarem,
265 4042 317 4079 non
344 4027 504 4079 Dolabellam
542 4027 647 4080 laudare
710 4020 1193 4093 sapuerunt.praediximust’blt.

138 4095 289 4147 decreverat
313 4099 513 4162 memineratque
538 4096 646 4149 nobilis·
681 4096 751 4161 (mus
766 4096 829 4148 abso
862 4103 915 4149 tum
929 4096 955 4149 iu
966 4091 1032 4145 (lod.
1043 4109 1058 4144 a
1070 4090 1197 4156 syllmul

138 4165 218 4220 almae
236 4168 421 4233 accusationis,
446 4182 522 4235 quam
540 4167 648 4223 Tacitus
684 4181 718 4221 ex
732 4181 781 4219 usu
793 4166 887 4221 Velall
906 4163 1020 4219 restituit
1031 4159 1194 4227 Rhenanus.)
