2536 4590
506 183 754 239 -xtt—

72 353 296 454 perspexisset
316 355 390 429 sine
417 353 552 427 Burerii
575 353 761 454 appendice
786 352 947 427 Velleium
969 383 1011 427 ne
1027 353 1092 452 legi
1118 357 1194 455 qui-

71 481 149 555 dem
174 483 322 574 sincere,
348 484 475 557 nedum
502 483 613 557 critice
640 484 774 557 tractari
798 512 918 589 posse,
942 483 1029 557 idem
1052 513 1195 585 prorsus

69 610 188 685 secisse
213 642 252 688 ac
280 613 476 701 Gelonium,
500 613 538 685 id
569 629 635 701 est,
669 611 809 685 editioni
838 614 952 688 nescio
979 615 1034 689 cui
1067 615 1196 689 adscri-

68 741 177 840 psisse
204 744 286 816 Cod.
317 742 552 817 Murbacensis
585 741 776 815 varietatem
803 772 822 817 a
847 744 990 816 Burerio
1017 763 1196 823 enecatam.

69 870 126 945 Sic
152 871 231 946 libri
259 872 437 945 Pithoeani
464 871 669 946 desiderium
697 899 760 973 per
791 900 827 946 se
857 873 1083 956 iustissimum,
1110 876 1195 949 mihi

68 1001 206 1101 quidem
228 987 424 1077 leniendum
450 1002 539 1075 duri.

166 1133 239 1205 Iam
266 1161 343 1208 curn
364 1134 517 1227 Fortuna
543 1133 694 1207 secunda
720 1160 791 1207 rem
814 1134 861 1207 ita
883 1137 1137 1235 composuisset,
1157 1155 1194 1210 ut

68 1260 232 1337 Turicum
257 1259 448 1365 possideret
478 1265 546 1338 duo
582 1264 784 1364 exemplaria
815 1264 984 1340 Editionis
1018 1267 1195 1367 principis,

68 1388 209 1464 alterum
232 1411 384 1466 notatum
407 1413 504 1466 xxvl.
531 1395 608 1481 36.‚
631 1393 771 1468 alterum
792 1397 832 1469 R.
848 1397 925 1486 81„
950 1395 1083 1485 Basilea
1099 1396 1194 1487 illud,

68 1520 162 1621 quod
179 1521 259 1596 olim
280 1523 412 1598 Gelenii
426 1522 545 1613 suerat,
561 1542 718 1625 quartum
728 1526 877 1599 Meierus
888 1555 1002 1616 meus,
1020 1528 1119 1602 etiam
1131 1527 1194 1601 du-

65 1649 183 1724 bitatio
208 1651 250 1725 de
270 1653 499 1756 exemplorum
514 1653 742 1757 discrepantia
758 1638 908 1731 amoveri
924 1656 1061 1730 tandem
1074 1658 1193 1756 potuit.

171 1817 275 1892 Cuius
299 1819 438 1921 quidem
460 1819 546 1893 salsa
571 1820 687 1920 opinio
714 1820 799 1894 adeo
818 1819 916 1893 torsit
937 1821 1133 1911 Krausium‚
1158 1841 1195 1896 ut

67 1946 104 2018 in
138 1947 351 2021 Praelatione
386 1955 478 2048 (pag.
504 1950 578 2046 62.)
611 1947 694 2019 haec
729 1946 909 2017 scriberet:
943 1949 1086 2032 „Iterata
1123 1951 1194 2023 vice

68 2074 182 2148 Editio
208 2077 367 2179 princeps
394 2076 559 2176 exscripta
585 2101 656 2146 esse
681 2071 829 2162 videtur,
852 2090 891 2146 ut
907 2072 1122 2174 duplex'eius
1139 2105 1195 2150 ex-

70 2224 173 2281 staret
200 2209 311 2282 editio.
361 2205 565 2280 Ruhnleuio
587 2203 676 2278 enim
699 2203 742 2277 ad
760 2232 892 2303 manus!
907 2221 1001 2277 erant
1019 2203 1101 2278 hina
1122 2206 1193 2281 eius

71 2337 221 2439 exempla
246 2339 335 2411 inter
359 2365 394 2412 se
415 2336 452 2410 in
484 2335 567 2409 locis
600 2336 642 2408 ll.
670 2337 729 2424 67,
757 2337 788 2409 1.
815 2352 847 2409 et
872 2336 922 2410 78
954 2350 1033 2408 extr.
1068 2333 1193 2409 discre-

69 2468 195 2568 pantia.
245 2469 378 2544 Novum
403 2467 492 2540 enim
519 2484 552 2540 et
577 2483 728 2540 recenter
753 2466 926 2539 inventum
959 2464 1076 2541 Velleii
1108 2497 1195 2569 opus

69 2599 244 2671 utstatim
271 2616 437 2672 emeretur
463 2614 494 2670 et
525 2596 712 2696 legeretur,
744 2597 869 2670 mirum
895 2618 966 2670 non
999 2614 1078 2671 erat.
1128 2600 1195 2671 Ita-

71 2727 401 2831 queexemplarium
426 2728 570 2830 penuria
592 2727 726 2802 emendi
752 2726 884 2829 cupidis
908 2755 979 2800 non
1009 2726 1196 2802 sufficiente

69 2856 195 2931 lactum
223 2887 294 2932 esse
321 2858 471 2949 videtur,
493 2877 530 2934 ut
548 2876 726 2961 antequam
742 2857 814 2963 typi
834 2857 1090 2947 discuterentur,
1110 2857 1196 2931 Fro-

71 2988 192 3062 bcnius
219 2989 340 3063 iterum
366 2989 530 3064 Velleium
556 2989 619 3064 levi
646 3018 685 3062 ex
717 2988 840 3062 Codice
867 2979 1072 3062 correctione
1099 2987 1195 3061 adhi-

70 3118 141 3192 bita
165 3123 260 3216 (nam
285 3120 426 3194 alterum
451 3117 620 3220 exemplar
648 3118 875 3219 respondebat
891 3115 1023 3190 Codicis
1045 3114 1197 3216 lectioni)

72 3249 307 3323 excudendum
341 3269 481 3325 curaret.
541 3247 765 3323 Ruhnkenius
797 3265 977 3349 utrumque
1009 3245 1196 3345 exemplum

71 3379 199 3482 ubique
226 3380 408 3456 contulisse
434 3410 503 3455 non
542 3379 692 3467 videtur3
717 3396 752 3453 at
774 3407 896 3480 operae
916 3376 1060 3479 pretium
1078 3392 1127 3449 est
1142 3375 1196 3446 in-

73 3511 217 3612 dagare,
239 3512 424 3588 alterumue
450 3509 555 3583 altero
582 3507 626 3581 sit
647 3509 855 3583 emendatius
880 3526 912 3582 et
934 3507 1108 3583 lectionem
1135 3504 1197 3580 ha·

72 3641 150 3716 beat
177 3644 294 3718 Codici
320 3643 428 3742 magis
453 3637 740 3714 consentaneam.”

176 3773 298 3846 Omnis
336 3791 447 3847 autem
483 3771 678 3858 diversitas,
712 3796 814 3870 quam
853 3769 1003 3843 instituta
1042 3784 1199 3868 quattuor

77 3902 315 4004 exemplarium
343 3902 593 4004 comparatione
619 3900 749 3989 notavi,
768 3899 834 3973 huc
855 3899 960 3973 redit:

179 4035 217 4134 l)
238 4061 314 4135 pag.
339 4038 372 4108 3.
398 4064 427 4112 v.
445 4035 501 4106 11.
531 4036 705 4107 Chalcide
721 4028 966 4131 Eretdryam]
981 4027 1198 4100 Turicxxvt.

78 4165 136 4237 36.
167 4167 348 4239 Chalcida
369 4168 584 4242 Eretdriom
610 4161 723 4236 Turie.
749 4163 789 4236 R.
815 4161 873 4236 81.
899 4157 1000 4234 Basil.
1023 4157 1136 4232 Meier.
