2536 4590
488 193 775 273 -tua-

107 394 171 455 iam
198 399 309 454 aetate.
364 387 546 453 Nemas-tens
578 381 705 468 quidem
731 383 896 447 honestam
925 400 1058 464 sperare
1086 377 1169 445 licet.
1212 458 1215 463 Ι

109 490 220 557 Namsi
239 486 397 573 parricida
415 487 514 553 vestri
534 504 606 548 snm
624 495 657 547 et
675 482 726 544 bis
745 482 868 564 genitus
890 481 944 543 liic
962 479 1045 543 deos
1067 500 1169 563 pena-

107 592 148 655 tis
168 611 255 655 meos
283 591 478 674 patriamqne
512 598 544 648 et
572 604 730 648 summum
756 583 923 665 imperium
950 582 1032 647 vilia
1061 583 1168 645 habeo

109 691 181 776 quis
204 692 282 755 milri
300 692 376 756 vivo
404 688 559 754 macutus
587 685 709 747 satisest
737 697 873 767 autquae
901 704 1007 765 poena
1036 694 1169 746 mortno

109 794 188 876 quin
208 795 315 856 omnia
335 813 385 854 me
405 801 536 854 morata.
554 785 640 869 apud
661 786 780 848 inferos
803 785 933 867 suplicia
952 785 1073 847 scelere
1093 790 1187 848 meo⁸

76 894 181 959 zvini.
203 916 222 956 a
244 893 348 975 prima
376 889 585 954 adulescentia
611 890 647 950 in
676 909 733 950 ore
764 899 870 950 vestro
901 885 1045 967 privatus
1075 884 1170 965 etin

108 993 335 1073 magistratibus
356 992 405 1073 egi
424 992 480 1075 qui
497 991 605 1069 lingua
624 988 680 1072 qui
701 988 832 1052 consilio
854 1008 926 1050 meo
946 987 1004 1070 qni
1030 986 1172 1071 pecunia

108 1095 237 1158 voluere
258 1095 309 1156 nsi
328 1105 412 1156 sunt
459 1091 543 1173 Neq.
571 1109 628 1168 ego
660 1089 802 1151 callidam
829 1087 1021 1151 facundiam.
1050 1088 1170 1173 Neque

108 1196 269 1277 ingenium
289 1194 330 1259 ad
356 1190 615 1257 malefaciendum
638 1190 765 1253 exercui
798 1189 993 1254 avidissimus
1020 1191 1170 1272 privatae

109 1298 225 1379 gratiae
248 1294 599 1360 maximasinimieitias
620 1315 679 1375 pro
708 1314 777 1373 rep.
803 1278 925 1375 suscepi
954 1291 1028 1374 quis
1062 1291 1201 1357 victnsss

109 1419 181 1463 cnm
203 1398 258 1459 illa
278 1398 370 1458 simul
393 1416 464 1457 cum
486 1414 578 1474 egens
601 1394 789 1474 alienaeopis
810 1395 902 1475 plura
918 1394 1003 1455 mala
1018 1407 1170 1475 expecta·

108 1516 176 1558 rem
199 1516 256 1560 vos
286 1493 423 1571 Quirites
455 1515 565 1557 rursus
596 1496 674 1556 mihi
709 1495 844 1577 patriam
874 1492 1013 1577 deosque
1041 1496 1170 1576 penatis

75 1604 181 1661 tcum
199 1596 317 1675 ingenti
338 1594 484 1676 dignitate
508 1594 634 1659 dedistis
658 1592 847 1681 iproquibus
869 1595 1030 1658 beneficiis
1049 1597 1169 1660 rixatio

108 1709 214 1778 gratus
237 1696 347 1763 videar
367 1698 394 1760 si
415 1698 543 1778 singulis
566 1698 701 1760 animam
725 1720 819 1781 quam
848 1718 972 1781 nequeo
1003 1717 1170 1761 concesse·

108 1801 170 1863 rim
189 1799 273 1862 Nam
293 1799 357 1863 vita
376 1812 406 1862 et
423 1820 509 1862 mors
531 1798 602 1861 iura
622 1811 752 1861 naturae
786 1812 869 1861 sunt.
898 1811 934 1860 ut
965 1799 1033 1861 sine
1068 1797 1199 1861 dede-rs

110 1922 183 1966 core
204 1921 274 1963 cum
295 1901 415 1964 civibus
436 1903 520 1962 fama
551 1913 581 1961 ot
610 1901 746 1962 fortunis
766 1901 887 1980 integer
916 1920 1001 1978 agas.
1017 1897 1052 1960 id
1077 1898 1166 1963 dono

110 2000 203 2085 datur
224 2013 317 2084 atquo
339 1984 489 2082 accipitur
514 2002 655 2064 consules
680 2021 738 2063 nos
761 2002 875 2063 fecistis
906 2000 1045 2076 Quirites
1077 2000 1166 2064 domi

108 2100 248 2185 boffique
268 2100 503 2182 impeditissima
524 2122 591 2182 rep.
620 2102 735 2185 Namq.
763 2105 968 2184 imperatores
989 2103 1166 2184 Hispaniae

110 2203 299 2286 stipendium
320 2203 432 2269 milites
454 2224 539 2265 arma
559 2203 751 2266 frumentum
773 2216 908 2286 poscunt
925 2216 955 2265 et
967 2200 1001 2264 id
1012 2223 1064 2265 res
1082 2204 1168 2283 cogit

94 2296 262 2384 ¹quoniam
281 2302 452 2367 delectione
474 2305 631 2369 sociorum
658 2320 689 2370 et
711 2306 843 2370 Sertorii
872 2327 931 2388 per
954 2305 1071 2368 montis
1090 2307 1200 2386 fugato

110 2402 192 2487 Neq.
212 2424 308 2465 manu
329 2416 447 2466 certare
469 2418 611 2486 possunt.
657 2408 739 2491 Neq.
761 2410 847 2472 utilia
866 2429 978 2491 parare
1005 2409 1166 2471 exereitus

109 2506 143 2567 in
173 2504 248 2567 Asia
277 2503 446 2589 Ciliciaque
475 2507 516 2568 ob
554 2506 664 2570 nimias
693 2530 768 2589 opes
801 2510 992 2574 Mithridatis
1024 2512 1167 2577 aluntur.

109 2604 296 2670 Macedonia
314 2608 408 2688 plena
435 2607 573 2671 hostium
595 2621 641 2671 est
661 2609 728 2673 Nec
749 2613 853 2673 minus
873 2613 980 2674 Italiae
1004 2613 1166 2678 maritima

110 2720 141 2772 et
168 2708 401 2792 provinciarum
430 2729 500 2772 cum
535 2712 661 2774 interim
690 2714 850 2794 vectigalia
880 2735 979 2795 parva
1008 2728 1041 2778 et
1071 2718 1165 2780 bellis

21 2894 24 2905 Ι
108 2811 228 2874 incerta
250 2810 305 2875 vix
322 2823 444 2892 purtem
466 2826 625 2895 sumptum
645 2814 798 2877 sustinent
818 2816 958 2879 itaclasse
978 2837 1061 2899 quae
1074 2830 1201 2882 com-2⁸

77 2922 228 2976 emeatus
250 2914 397 2975 tuebatur
417 2912 539 2976 minore
558 2935 653 2997 quam
674 2928 765 2977 antea
784 2914 985 2995 Navigamus.
1027 2920 1107 2985 haec
1137 2920 1166 2984 si

110 3008 183 3076 dolo
206 3024 258 3075 aut
279 3012 422 3075 socordia
444 3027 553 3077 nostra
571 3028 729 3079 contracta
752 3031 824 3080 sunt
845 3019 924 3098 agite
945 3031 1090 3084 utmonet
1114 3023 1165 3087 ira

110 3113 297 3195 suppliciunt
318 3115 439 3178 sumite.
492 3116 548 3178 Sin
580 3118 708 3180 sortuna
736 3121 908 3182 communis
937 3122 1078 3204 asperior
1104 3138 1164 3188 est.

109 3230 206 3291 qttnro
226 3212 354 3290 indigna
375 3216 466 3277 robis
487 3216 649 3299 Nobisque
673 3231 704 3281 et
723 3223 885 3302 republica
905 3207 1042 3304 incipitis
1065 3238 1162 3310 atque

109 3329 165 3390 ego
178 3310 266 3372 eitius
280 3312 373 3373 aetati
381 3333 466 3376 mors
477 3317 609 3396 propior
622 3332 668 3380 est
677 3321 751 3384 Non
764 3320 917 3404 deprecor
925 3323 1161 3407 siquidearobis
1169 3351 1201 3392 so

179 3494 204 3546 l.
219 3506 251 3546 na
269 3460 379 3547 morteri
413 3497 440 3549 8.
457 3510 513 3549 uam
531 3495 552 3548 sl
589 3501 615 3551 4.
633 3501 694 3552 satis
718 3508 759 3554 ast
782 3510 828 3555 aut
853 3520 920 3571 qnae
962 3509 989 3558 ὁ.
1015 3519 1161 3567 memorata

107 3563 383 3618 &malefaciendum
420 3568 463 3621 11.
482 3567 581 3621 alienes
600 3571 657 3637 opis
701 3574 743 3626 ts.
762 3588 810 3640 pro
828 3575 924 3641 qulbus
962 3581 1003 3629 1³.
1028 3581 1073 3632 rix
1094 3587 1160 3638 satis

106 3636 150 3687 dd.
170 3638 317 3701 sumptuum
351 3640 396 3689 tn.
420 3637 457 3690 lta
482 3639 565 3691 classa
600 3643 643 3693 at.
669 3646 698 3694 ut
721 3648 810 3695 monet
851 3649 896 3699 ³0.
914 3647 936 3699 sl
954 3645 1015 3713 quid
1034 3665 1066 3704 ea
1084 3654 1160 3707 robis

142 3789 265 3830 οοιτωι.
302 3778 513 3856 &castanicula
538 3785 580 3835 lo.
599 3782 753 3854 quivisses
782 3789 825 3838 11.
840 3785 903 3840 deos
915 3791 1026 3858 pactis
1045 3797 1088 3849 tt.
1111 3794 1161 3850 ubi

175 3849 219 3899 st.
237 3853 319 3912 suist,
336 3853 379 3897 uls
399 3858 486 3900 mouet
520 3854 565 3905 28.
583 3854 727 3907 coususunis
738 3854 862 3925 fortune

139 3988 165 4038 11.
183 3985 309 4056 suplicia]
330 3988 376 4041 Sic
394 3988 479 4043 Valle.
498 4006 538 4059 pr.
681 3998 725 4048 le.
743 3996 833 4064 ma]
852 3996 960 4056 Excidit
977 4000 1027 4060 ltoe
1044 4021 1103 4063 roc.
1121 4027 1158 4067 ex

140 4056 184 4107 ld.
201 4056 244 4123 ut]
264 4059 308 4112 Sic
327 4058 410 4113 Valle.
428 4076 468 4129 pr·
493 4061 609 4131 Pompo·
645 4063 766 4121 Gerlach.
783 4069 889 4124 minore.

104 4124 169 4179 ulos.
188 4124 231 4177 uti
248 4126 367 4183 uertaet.
