2536 4590
344 188 348 196 Ι
521 234 762 287 -Xl-

81 409 169 480 inter
192 409 283 479 ruiros
309 405 460 478 eruditos
486 429 580 473 nunc
616 417 763 490 constat,
794 402 993 477 nitidissime
1029 402 1210 504 adscripsit

81 520 302 610 comumnes
328 532 463 607 Codicis
496 529 733 604 Murbacensis
767 532 877 605 varias
907 531 1066 606 lectiones
1091 560 1112 606 a
1137 533 1208 604 Bn-

80 665 170 739 rerio
196 668 233 738 in
249 662 447 766 Appendice
460 679 694 749 memoratas,v
722 679 795 735 tunt
821 663 956 736 Burerii
989 663 1210 762 suspiciones,

80 815 152 867 tum
179 796 323 896 denique
341 775 508 896 *proprias
535 819 614 866 suas
647 793 876 884 coniecturas,
910 821 1056 896 quarum
1082 790 1209 892 pleras-

79 953 144 1025 que
166 906 291 1028 recepit
322 927 360 999 in
388 924 545 997 Editione
571 949 649 997 ase
677 942 810 1014 curata,
847 953 911 998 nec
938 943 1049 998 tamen
1083 947 1211 996 omnes.

78 1056 212 1128 Etenim
252 1054 454 1142 nonnullas,
492 1071 525 1126 et
565 1052 736 1158 interdum
769 1055 978 1154 praeclaras,
1028 1041 1219 1154 occupatas‘

79 1202 198 1284 postea
224 1187 268 1259 ab
293 1184 441 1273 Ursino,
467 1182 576 1272 Aldo,
602 1182 686 1271 aliis,
710 1183 766 1255 ille
785 1186 899 1257 nescio
917 1212 986 1285 quo
1002 1183 1135 1283 pudore
1150 1180 1209 1254 de-

81 1314 216 1388 territus
233 1312 473 1415 'praetermisit

178 1527 263 1601 Cum
293 1528 330 1600 in
370 1524 627 1600 Montefaleonii
667 1522 828 1597 Biblioth.
862 1523 1082 1600 Bibliothecc.
1107 1526 1146 1597 T.
1167 1523 1208 1596 H.

40 1698 48 1710 ι
75 1686 108 1755 p.
129 1657 235 1730 1014.
261 1657 303 1729 Ι).
340 1657 396 1751 (Ν.
415 1656 531 1749 6571)
565 1653 755 1727 Seebodius
778 1656 999 1756 repperisset:
1024 1658 1208 1731 Venetam

75 1790 319 1859 Paterculum
335 1813 418 1858 cum
434 1788 529 1857 libro
545 1786 667 1855 Mssto
681 1788 855 1889 collatum
870 1813 895 1856 a
907 1790 1023 1858 Petro
1040 1786 1209 1871 Pithoeo,

75 1913 266 2013 suspicatus
299 1913 443 1985 eundem
480 1909 638 1984 Codicenr
662 1910 805 1985 fortasse
830 1939 901 1985 esse
925 1939 1000 1985 cum
1019 1910 1087 2001 illo,
1107 1937 1208 2012 quem

73 2045 189 2116 nescio
220 2043 312 2116 unde
346 2059 511 2116 memorat
529 2040 704 2114 ¹Labbeus
737 2039 825 2124 Bibl.
859 2070 933 2115 nov.
959 2044 1041 2117 Mss.
1068 2073 1101 2145 p.
1122 2045 1205 2118 167.

72 2172 149 2265 (cfr.
176 2174 308 2246 Krause
334 2173 478 2247 Praefat.
502 2202 534 2274 p.
559 2171 653 2267 ltu),
681 2170 824 2244 Hasium
849 2175 888 2244 V.
909 2173 943 2245 C.
970 2174 1081 2247 statim
1111 2174 1207 2263 adiit,

76 2333 145 2403 quo
172 2331 211 2377 ea
238 2306 280 2376 de
310 2333 346 2377 re
380 2302 502 2377 certior
522 2300 622 2374 fieret.
675 2305 801 2375 Verum
828 2302 857 2374 is
883 2304 1057 2403 rescripsit
1080 2303 1207 2378 librum

72 2430 170 2503 illurn
195 2431 326 2506 Pithoei
349 2460 418 2504 una
452 2460 529 2504 cum
555 2450 652 2504 Mtte.
679 2431 753 2505 aliis
780 2461 870 2505 anno
902 2450 1136 2506 Mltccxxxss.
1166 2460 1206 2506 ex

75 2560 282 2635 bibliotheca
301 2560 495 2636 Colbertina
520 2591 590 2635 non
616 2560 652 2634 in
669 2563 831 2661 Regiam,
849 2563 909 2636 sed
926 2564 963 2637 in
983 2561 1206 2683 Tabularium

74 2692 288 2790 negotiorum
313 2709 500 2765 exterorum
533 2695 676 2791 (De'pot
702 2697 767 2766 des
793 2695 952 2793 affaire-3
977 2694 1208 2792 dtrangdres)

75 2819 294 2910 translatum;
327 2848 389 2922 per
419 2822 537 2897 turbas
573 2839 683 2895 autem
716 2821 828 2896 civiles
862 2825 935 2895 Sec.
954 2840 1054 2894 XVIII.
1081 2850 1232 2899 exeun»

74 2951 118 3023 tis
152 2925 380 3025 'l'abularium⁸
413 2952 499 3025 illud
534 2953 658 3052 partim
695 2953 894 3053 spoliatum,
926 2952 1050 3054 partim
1082 2953 1205 3028 misere

77 3077 256 3154 dissectum
281 3110 373 3172 esse,
396 3082 443 3154 ita
474 3099 511 3154 ut
531 3083 682 3182 quamvis
710 3083 892 3182 diligenter
919 3084 1137 3182 investigatus
1161 3087 1202 3158 N.

75 3209 130 3283 ille
157 3213 265 3285 6571.
291 3211 431 3312 reperiri
455 3212 648 3312 nequiverit.
687 3213 754 3286 cfr.
776 3214 935 3288 Seebodii
958 3213 1205 3320 Bibliothecatn

73 3341 144 3414 crit,
171 3370 199 3414 a.
225 3341 600 3442 n.ncco.x1x.p.724.

172 3550 300 3649 Magno
327 3580 427 3652 opere
453 3554 534 3626 sane
556 3553 742 3626 dolendum
769 3575 873 3644 esset,
898 3559 927 3628 si
944 3555 1105 3630 Pithoeus
1122 3557 1200 3630 Vel-

68 3675 124 3749 leii
153 3679 276 3754 Codice
294 3709 313 3753 a
332 3683 550 3757 Murbacensi
570 3684 703 3756 diverso
726 3711 827 3771 usus‚
854 3686 1050 3786 ascriptore
1065 3686 1199 3760 edendo

68 3805 120 3879 vel
153 3808 226 3908 ipse
261 3811 477 3886 abstinuisset
509 3813 560 3886 vel
594 3811 658 3885 tale
694 3811 865 3914 repertum
904 3789 980 3891 cuin
1012 3819 1199 3893 amicorum

69 3938 205 4012 nemine
232 3942 518 4015 communicasset.
570 3947 695 4017 Verum
719 3976 795 4019 cunr
813 3946 945 4022 nullum
967 3951 1106 4022 omnino
1126 3950 1199 4021 eius

69 4068 119 4140 rei
145 4070 323 4169 vestigium
358 4090 442 4145 extet
468 4073 503 4145 in
539 4091 586 4148 tot
621 4078 692 4150 Sec.
719 4097 790 4148 xvt.
820 4078 1073 4177 philologornm
1108 4077 1197 4150 curis

69 4214 169 4297 atque
207 4202 374 4302 epistolis,
410 4203 564 4305 equidem
602 4207 715 4306 potius
753 4234 848 4296 reor,
871 4208 1082 4297 *Pithoeum‚
1120 4232 1197 4278 cum
