2536 4590
482 181 636 257 -95
687 175 748 242 -Ᾰ

37 372 55 423 l
164 369 300 432 LXXV.
341 371 403 431 Per
427 369 535 431 eadem
559 385 702 457 tempora
724 390 883 440 exarserat
905 377 940 439 in
961 377 1132 459 Campania

72 473 215 550 bellum,
247 470 335 556 quod
363 473 525 554 professus
561 497 690 556 eorum,
721 480 776 561 qui
803 479 1003 560 perdiderant
1033 501 1132 560 agros,

72 576 306 656 patrocinium,
328 574 427 636 ciebat
455 575 493 637 T.
515 576 664 640 Claudius
691 579 778 642 Nero
800 584 976 661 praetorius
998 594 1030 643 et
1048 604 1129 663 pon·

72 680 170 756 tifex,
192 680 230 740 T.
253 676 395 738 Caesaris
417 691 522 757 pater,
549 684 653 760 magni
680 683 743 744 viri
773 683 868 744 animi
898 682 1129 765 doctissimique

73 781 203 861 ingenii.
235 779 270 842 id
289 801 416 862 quoque
441 780 577 845 adventu
602 783 741 845 Caesaris
762 787 918 865 sepultum
947 797 1039 866 atque
1064 783 1151 844 dis-s

42 895 203 948 zcussum
223 896 280 944 est.
322 879 400 956 Quis
423 885 569 946 fortunae
591 889 788 962 mutationes,
812 887 882 968 quis
899 885 1011 948 dubios
1023 905 1130 946 rerum

75 989 287 1048 humanarum
313 1005 401 1045 casus
431 986 503 1048 satis
533 988 643 1048 mirari
663 986 780 1070 queat?
810 991 880 1070 quis
912 1009 979 1050 non
1007 986 1131 1051 diversa

74 1087 294 1170 praesentibus
312 1087 531 1168 contrariaque
547 1091 715 1169 expectatis
738 1102 793 1150 aut
807 1104 912 1170 speret
928 1104 982 1152 aut
998 1086 1130 1152 timeat?

40 1189 170 1252 3Livia
188 1188 373 1249 nobilissimi
401 1200 431 1248 et
458 1189 619 1250 fortissimi
645 1190 707 1252 viri
740 1191 839 1252 Drusi
871 1191 1023 1253 Calidiani
1056 1192 1130 1269 filia,

73 1310 191 1371 genero
213 1289 369 1369 probitate
387 1290 490 1350 forma
513 1290 726 1352 Romanarum
750 1293 1007 1366 eminentissima,
1034 1312 1164 1376 quamtu

73 1403 188 1474 postea
202 1392 364 1469 coniugem
378 1393 509 1470 Augusti
523 1391 670 1470 vidimus,
687 1415 781 1475 quam
798 1396 982 1474 transgressi
999 1394 1039 1456 ad
1054 1394 1130 1459 deos

73 1493 268 1558 sacerdotem
291 1515 327 1554 ac
350 1493 463 1570 filiam,
482 1505 550 1555 tum
570 1494 692 1572 fugiens
714 1517 790 1558 mox
810 1498 908 1559 futuri
922 1497 971 1559 sui
989 1496 1130 1560 Caesaris

75 1616 168 1657 arma
187 1616 247 1656 nus
269 1596 389 1657 bimum
409 1597 494 1656 hunc
509 1597 671 1656 Tiberium
689 1597 869 1675 Caesarem,
888 1598 1044 1661 vindicem
1064 1600 1130 1661 Ro·

74 1697 165 1758 mani
183 1697 307 1778 imperii
325 1699 530 1779 futurumque
552 1698 692 1762 eiusdem
713 1699 854 1762 Caesaris
880 1700 979 1761 filium
1006 1714 1129 1780 gestans

74 1801 105 1862 si
128 1821 231 1880 nuper
249 1800 321 1864 avia
339 1800 488 1861 itinerum
508 1801 611 1862 vitatis
635 1801 770 1862 militum
797 1799 905 1878 gladiis
936 1821 1000 1862 uno
1028 1802 1163 1863 comi-ss

72 1915 178 1980 tante,
198 1923 263 1984 quo
291 1903 414 1963 facilius
442 1906 651 1965 occultaretur
680 1905 771 1982 fuga,
801 1902 945 1983 pervenit
973 1900 1013 1963 ad
1043 1920 1130 1962 mare

73 2016 109 2067 et
131 2025 204 2065 cum
223 2005 293 2068 tiro
313 2005 442 2067 Nerone
462 2020 607 2087 pervecta
628 2007 662 2066 in
684 2006 821 2068 Siciliam
843 2017 901 2069 est.

40 2138 57 2188 l
162 2122 310 2184 LXXVI.
354 2121 448 2198 Quod
476 2127 578 2189 alieno
607 2126 821 2189 testimonium
849 2121 1028 2199 redderem,
1056 2142 1128 2185 meo

72 2245 142 2287 non
162 2224 315 2287 fraudabo
340 2248 434 2288 avum
454 2249 569 2291 meum.
592 2231 709 2312 quippe
732 2229 769 2289 C.
789 2227 929 2289 Velleius
950 2223 1128 2286 honoratis·

70 2329 156 2390 simo
176 2327 349 2388 interillos
374 2348 479 2389 ccccx.
499 2329 617 2391 iudices
638 2333 707 2392 loco
730 2352 749 2391 a
770 2328 828 2390 Cn.
848 2328 998 2408 Pompeio
1020 2329 1164 2401 lectus,ao

16 2512 19 2517 Ι
72 2428 218 2491 eiusdem
235 2429 399 2511 Marcique
409 2430 501 2492 Bruti
522 2453 557 2492 ac
570 2433 696 2494 Tironis
717 2428 893 2512 praefectus
915 2430 1056 2499 fabrum,
1078 2430 1129 2491 vir

71 2532 159 2593 nulli
178 2530 347 2610 secundus,
374 2535 409 2592 iu
430 2532 601 2613 Campania
623 2533 762 2612 digressu
784 2531 921 2592 Neronis
944 2551 962 2590 a
984 2528 1128 2609 Neapoli,

72 2635 165 2696 cuius
186 2636 227 2695 ob
254 2636 444 2714 singularem
472 2656 544 2696 cum
573 2657 611 2698 eo
645 2635 810 2697 amicitiam
839 2632 976 2721 partium
1004 2629 1129 2691 adiutor

70 2737 200 2812 fuerat,
220 2738 323 2815 gravis
343 2738 404 2796 iam
424 2747 522 2796 aetate
546 2748 578 2797 et
597 2756 729 2816 corpore
750 2752 854 2795 comes
875 2751 941 2792 esse
967 2751 1032 2790 non
1053 2749 1128 2808 pos·

39 2851 142 2915 teet,
163 2838 265 2918 gladio
296 2859 329 2899 se
352 2839 418 2919 ipse
440 2838 606 2900 transfixit.
648 2838 834 2899 Inviolatam
860 2827 1011 2891 excedere
1038 2829 1163 2891 ltaliaas

74 2942 196 3004 Caesar
215 2928 326 3021 passus
347 2941 491 3003 Fulviam
518 2944 731 3020 Plancumque
760 2931 921 2995 muliebris
953 2933 1042 3009 fugae
1075 2948 1127 2990 co·

149 3113 176 3162 3.
193 3110 236 3162 Ti.
273 3112 299 3161 4.
317 3108 359 3160 Ti.
395 3111 421 3160 4.
439 3109 478 3161 cir
503 3107 580 3158 animi
604 3103 787 3168 fortissimique
812 3099 908 3166 ingenii
949 3099 975 3148 9.
992 3095 1127 3148 Claudiani

72 3187 121 3236 1³.
139 3196 213 3233 stne
229 3180 313 3231 minas
329 3180 426 3232 bimum
462 3183 507 3232 15.
522 3178 579 3230 sinu
598 3191 647 3244 per
682 3179 724 3228 18.
743 3188 777 3225 eo
810 3175 855 3224 at.
873 3169 916 3223 Ti.
934 3167 1047 3221 Neronis
1081 3169 1126 3221 st.

71 3269 137 3306 cun
154 3266 243 3303 comcs
259 3264 319 3301 esse

109 3398 141 3446 3.
162 3392 205 3459 fl]
224 3391 306 3445 APR.
324 3391 372 3442 bis.
394 3387 452 3443 Tib.
466 3391 492 3442 b.
510 3391 560 3444 bis.
622 3388 678 3441 ΔΡ.
692 3381 816 3436 &esuris
832 3398 910 3433 arma
927 3382 1014 3433 miuus
1032 3379 1130 3433 bimum

109 3466 139 3516 4.
157 3462 220 3528 vin]
239 3463 294 3514 ΔΒ.
311 3461 354 3511 eir
369 3462 446 3512 Part.
621 3457 738 3510 Vossius.
755 3452 877 3505 Caesaris
887 3469 965 3502 arma
979 3452 1022 3502 vix
1034 3450 1129 3500 bimum

109 3536 140 3585 4·
158 3531 366 3600 doctissimique]
396 3530 495 3582 APbtt.
522 3529 587 3599 sor·
623 3528 649 3579 b.
667 3526 791 3577 Caesaris
805 3541 902 3572 manus
915 3521 1012 3570 bimum
1026 3521 1062 3572 R.

70 3601 228 3673 tissimiquc
238 3603 274 3654 0.
292 3602 378 3665 (llaec
396 3601 447 3651 duo
465 3615 506 3652 vv.
523 3615 588 3652 con·
659 3617 701 3663 1⁵.
719 3609 744 3660 η’
755 3608 851 3675 nuper]
867 3608 899 3656 Δ,
916 3604 978 3654 sinu
987 3620 1037 3671 per
1053 3604 1129 3655 Pbll.

69 3673 220 3728 truduntur
245 3673 324 3723 etiam
346 3672 373 3722 iu
390 3672 523 3722 ciceronis
537 3671 588 3720 Se·
660 3701 703 3748 13¹
718 3694 785 3759 meo]
802 3695 834 3745 A·
851 3708 881 3742 ω
899 3691 951 3743 [ᾖ.
968 3689 996 3741 i„
1015 3689 1094 3740 301»,

68 3739 589 3873 ἓξῗῖἒῗῖᾱῖἔίἷῗωὲἶῗῖἱῖἑῗί
658 3774 1131 3845 21.u.0u.1a.r..a.....·.u.

69 3884 181 3940 niuniu
205 3882 344 3948 legendum
357 3878 589 3948 fortissimorum.)
624 3856 682 3906 ‘¹¹¹⁵‘
698 3853 734 3904 R·
761 3849 875 3917 Tys⁰ni⁸
892 3848 941 3900 Pb·

67 3952 321 4027 promptissimique
335 3949 439 4003 Rutu.
538 4015 544 4025 Ι
584 4012 590 4024 .
659 3943 705 3992 24.
722 3953 830 4004 corpore
847 3930 1009 3996 concessere]
1024 3929 1055 3980 B.
1074 3945 1133 3979 ccr-

110 4031 143 4079 9.
166 4021 313 4087 Calidium]
342 4020 416 4073 th.
445 4015 591 4069 Claudium
622 4028 687 4080 pore
703 4026 763 4059 cum
781 4021 931 4056 comesesse
945 4003 1084 4053 Puteanus.
1097 3999 1134 4051 R.

69 4098 173 4151 Barer.
188 4093 224 4145 ll.
625 4096 731 4149 corpore
755 4093 816 4127 cum
842 4090 899 4124 ease
925 4073 981 4123 ΔΡ.
1009 4071 1135 4137 (corpore,

112 4168 160 4218 12
178 4160 304 4214 &usuris
319 4176 398 4211 arm
415 4175 466 4210 nus
481 4155 590 4221 bimam]
626 4170 686 4203 cum
702 4165 763 4200 eum
778 4143 855 4214 sequi
869 4159 923 4193 non
935 4149 1026 4211 pomer
1044 4140 1082 4203 b.)
