2536 4590
468 83 752 230 -uq

23 353 169 426 tuerat,
191 365 226 408 se
245 339 483 426 exercitumque
505 343 647 410 contulit.
689 345 738 410 Ne
765 345 842 432 quid
869 367 1009 431 unquam
1030 347 1122 414 malis

57 448 187 530 publice
212 444 347 523 deesset',
370 444 405 506 in
427 467 490 527 qua
512 445 634 511 civitate
650 470 773 531 semper
785 451 1120 515 virtutibus'certatum

59 562 143 627 erat,
164 551 343 611 certabatur
362 548 546 626 sceleribus,
572 551 770 636 optimusque
792 554 852 616 sibi
872 551 1045 631 videbatur,
1064 554 1120 637 qui

59 654 166 714 iuerat
189 650 353 733 pessimus.
386 651 503 732 quippe
534 648 609 713 dum
644 653 685 715 ad
711 655 925 738 Sacriportum
946 654 1119 733 dimicatur,

59 755 274 836 Damasippus
298 765 427 834 praetor
447 753 642 832 Domitium,
660 755 850 826 ,Scaevolam
881 757 990 832 etiam,
1013 756 1140 837 ponti-s
1227 822 1229 827 ,

60 861 152 921 ficem
171 857 345 920 maximum
368 869 398 916 et
419 853 519 917 divini
537 857 731 940 humanique
756 860 834 921 iuris
855 873 1015 921 auctorem
1037 860 1120 920 cele-

60 960 236 1024 berrimum
258 971 290 1019 et
320 958 356 1020 G.
382 957 560 1020 Carbonem
586 962 779 1040 praetorium
811 961 946 1025 consulis
980 961 1119 1037 fratrem,

61 1077 93 1126 et
115 1058 285 1125 Antistium
308 1060 483 1122 aedilicium
511 1063 597 1124 velut
625 1063 758 1125 faventis
792 1063 896 1125 Sullae
920 1063 1063 1143 partibus
1083 1062 1118 1122 in

30 1167 149 1229 truria
171 1163 305 1225 Hostilia
325 1161 502 1225 trucidavit.
543 1163 619 1226 Non
631 1164 743 1245 perdat
764 1164 949 1226 nobilissimi
963 1164 1036 1226 iacti
1050 1165 1117 1243 glo·

61 1269 142 1331 riam
164 1265 352 1348 Calpurnia,
373 1267 496 1328 Bestiae
516 1266 598 1343 filia,
619 1288 703 1328 uxor
722 1267 851 1343 Antisti,
876 1287 956 1347 quae
967 1265 1117 1344 iugulato,
1127 1293 1155 1330 to

62 1383 99 1432 ut
120 1366 351 1450 praediximus,
372 1369 442 1430 viro
464 1367 565 1448 gladio
589 1388 622 1428 se
652 1370 721 1449 ipsa
742 1366 906 1430 transfixit.
958 1362 1119 1440 Quantum

61 1473 158 1534 huius
178 1472 294 1552 gloriae
315 1473 479 1554 famaeque
504 1467 648 1534 accessit!
668 1491 754 1534 nuno
773 1469 888 1538 virtute
911 1467 1042 1548 eminet,
1061 1490 1119 1548 pa·

62 1575 126 1635 tria
145 1575 231 1634 latet.
942 1593 945 1597 ·

28 1700 46 1751 1
150 1673 290 1737 XXVII.
327 1672 369 1734 At
388 1672 519 1738 Pontius
544 1672 724 1750 Telesinus,
749 1671 816 1732 dux
843 1670 1047 1748 Samnitium,
1069 1670 1119 1737 vir

63 1776 161 1839 animi
180 1775 318 1856 bellique
337 1776 524 1837 fortissimus
552 1777 739 1856 penitusque
759 1774 903 1834 Romano
924 1772 1046 1834 nomini
1069 1773 1152 1837 in-15

127 1918 162 1968 ’1.
179 1931 288 1982 usquam
306 1916 366 1967 nali
379 1915 476 1982 publici
512 1917 630 1971 11.οιιο
645 1920 767 1981 quantum
781 1912 855 1966 huius
870 1913 969 1978 gloriae
984 1910 1120 1977 famaeque

61 1987 189 2041 accmsiti
207 1987 300 2040 Aliena
316 2002 385 2038 nunc
399 1988 495 2040 virtute
510 1988 621 2051 eminet,
637 1987 743 2054 propria
756 1987 828 2037 latet.
865 1989 909 2036 15.
928 1983 997 2036 domi
1006 1983 1119 2050 bellique

100 2094 128 2144 1.
146 2088 199 2155 Ns]
220 2089 302 2142 APR.
321 2091 359 2140 Et
377 2091 453 2144 neb.
610 2090 743 2143 cabnlnms
758 2088 846 2158 patrii
865 2088 935 2140 ritus
954 2089 1119 2154 custodial,

99 2164 126 2212 1.
146 2161 276 2231 unquam]
296 2161 369 2216 de.
389 2177 503 2232 usquam
519 2162 575 2215 Pu·
610 2164 643 2225 4,
656 2165 683 2213 2.
703 2167 730 2210 et
743 2168 861 2226 paterna
879 2157 1006 2209 maiestas
1026 2164 1055 2224 i,
1075 2163 1118 2223 10,

63 2237 168 2285 ternus.
205 2231 240 2282 R.
609 2229 923 2296 asthtreduodeciesex
937 2229 1119 2282 IndiceKrau-

102 2306 127 2353 l.
146 2299 226 2351 malis
235 2297 352 2367 publice]
363 2301 394 2353 Α.
406 2298 471 2350 mati
473 2295 577 2367 publici
610 2302 708 2366 sianot)
732 2307 815 2352 ortnm
834 2301 860 2351 id
878 2300 981 2352 videtur
998 2316 1032 2352 ex
1051 2302 1120 2354 mals

64 2373 99 2425 0.
114 2370 193 2422 malis
203 2368 319 2439 publicis
332 2371 408 2423 PbR.
611 2373 741 2439 explicato
774 2370 927 2438 compendio
954 2387 978 2423 v.
1005 2371 1119 2440 propria

100 2446 129 2495 5.
148 2440 305 2506 Domitium,
317 2438 472 2490 Scaevolam
483 2437 575 2504 etium]
610 2443 682 2508 (pria
700 2457 758 2494 cum
776 2441 889 2506 lineola.)
914 2443 956 2493 cni
975 2441 1036 2507 qnid
1060 2449 1119 2494 tatt-

44 2509 577 2573 Atili.Domitiumeonsularem‚8cae-
612 2514 670 2564 dem
689 2513 785 2580 opponi
810 2516 896 2580 potest
917 2527 994 2579 quam
1017 2511 1117 2578 aliena,

63 2581 154 2635 volam
167 2581 402 2634 Mutiumltutnk.
417 2579 577 2649 Q·Mutium
611 2601 636 2636 v·
654 2584 803 2651 absorptum
820 2599 835 2634 a
853 2598 877 2635 v.
902 2582 1014 2633 accessit
1030 2589 1056 2634 et
1074 2583 1119 2634 lit·
1149 2596 1151 2600 ⁴

62 2651 219 2706 Scaevolam
233 2652 316 2701 etiam
332 2654 357 2706 b.
612 2655 674 2706 teris
692 2672 728 2705 nu
749 2668 782 2705 ex
799 2654 926 2720 scriptura
942 2669 995 2707 sec.
1016 2669 1054 2706 tx.
1073 2655 1117 2705 rix

100 2726 146 2775 11.
164 2739 191 2774 se
202 2722 273 2790 ipsu]
286 2725 331 2788 A„
348 2729 378 2774 ut
394 2721 499 2773 volebat
508 2721 577 2774 Vos·
611 2724 798 2790 distinguendis
827 2739 844 2774 a
865 2721 921 2773 na?
947 2722 1039 2789 (Huth.
1066 2724 1117 2774 itae

63 2794 121 2849 siut
138 2809 172 2846 ex
198 2799 324 2860 perpetuo
349 2793 442 2848 Velleii
466 2808 522 2844 usu.
547 2808 575 2842 se
611 2798 751 2864 Quantum
771 2793 853 2842 leuius
876 2790 978 2861 gloriae
989 2791 1118 2860 familiae

62 2865 151 2934 ipsam
160 2864 237 2917 Pbtt.
611 2882 714 2936 quoque
727 2861 852 2926 accessit,
868 2879 938 2911 nunc
958 2860 1060 2913 virtute
1069 2861 1119 2932 fe-

102 2939 147 2988 ll.
183 2933 310 2999 uantum]
321 2933 418 2985 APbR.
427 2950 478 3003 quo
488 2948 576 3001 quan·
611 2935 697 2985 mirrea
706 2932 812 3000 pariter
826 2930 915 2998 latet.)

63 3015 140 3070 tum,
154 2953 337 3074 adsorploquo
347 3006 461 3055 alitteris
475 3020 528 3072 qua
539 3003 572 3052 0.
646 3009 687 3055 15.
704 3003 786 3054 animi
799 3000 920 3072 bellique]
942 3003 1021 3056 APR.
1048 3002 1118 3054 domi
1134 3004 1139 3014 ‘

103 3079 147 3127 12.
165 3073 259 3140 buius]
279 3076 377 3142 accipio
401 3075 434 3126 de
453 3072 574 3136 Antistio,
609 3073 721 3144 bellique
738 3073 888 3128 Rhenanus.
909 3075 933 3125 b.
980 3074 1118 3141 volgatam

62 3145 172 3198 nonde
197 3145 343 3212 Calpurnia.
392 3146 455 3206 llle,
483 3148 574 3210 utpote
610 3144 726 3197 defendit
743 3143 854 3196 Basilius
872 3143 1072 3197 Animadversa
1091 3164 1117 3214 p.

62 3216 197 3270 aedilitias
212 3216 321 3280 gloriam
339 3215 450 3283 aliquam
467 3215 575 3265 lamam·
609 3221 636 3270 8.
660 3232 751 3268 verum
785 3216 875 3281 negari
910 3216 998 3282 nequit
1027 3233 1118 3284 parum
1164 3233 1166 3237 ’

62 3302 118 3354 que
139 3287 229 3351 ntique
248 3284 373 3350 habebat,
398 3292 498 3338 auctam
527 3284 575 3334 de·
610 3289 762 3339 concinnam
780 3302 838 3338 esse
860 3284 925 3337 hanc
948 3288 1118 3354 compositio-

61 3357 125 3410 inde
153 3356 271 3422 coniugis
301 3357 458 3408 nobilissimo
490 3356 574 3406 lacto:
610 3374 683 3422 nem,
702 3359 816 3423 quamvis
840 3371 874 3407 ex
900 3372 948 3408 sua
976 3364 1117 3410 consuetu-

62 3428 220 3494 Calpurnia,
243 3427 291 3477 nisi
310 3428 410 3493 seipsa
427 3427 573 3479 interemis-
610 3428 669 3480 dine
688 3433 759 3480 recte
777 3427 884 3483 dixisset
896 3429 1005 3479 alterum
1020 3435 1115 3492 utrum,

61 3504 122 3562 set,
147 3512 198 3548 non
230 3497 312 3562 tnagis
349 3497 439 3548 suisset
467 3498 573 3547 illustris
608 3498 691 3549 animi
708 3497 894 3566 fortissimus,
919 3495 981 3546 betti
990 3496 1116 3564 fortissi-

62 3583 142 3636 quam
150 3568 256 3634 quaevis
269 3568 320 3619 alia
331 3575 447 3619 matrona
455 3567 573 3618 Romans
609 3587 675 3620 mus.
694 3569 772 3621 Varia
788 3567 968 3631 excogitarunt
980 3566 1116 3630 vv.n1>.,

61 3638 195 3692 historicis
207 3639 573 3702 conmemorata3nullaergo
609 3639 689 3690 veluti
708 3636 830 3698 Clodius,
848 3634 891 3684 vir
909 3634 1018 3685 matrimi
1035 3636 1117 3687 animi

61 3709 244 3763 huiemulieri
263 3707 385 3758 accedere
403 3708 435 3760 ud
461 3710 574 3775 priorem
611 3706 727 3777 belloque
752 3704 923 3774 fortissimus
957 3705 1119 3776 penitusque

61 3785 170 3851 poteret
181 3780 272 3845 gloria.
308 3780 354 3831 Sic
369 3786 455 3831 autem
469 3773 575 3828 α’ντίθε-
610 3784 660 3830 cet.
670 3776 853 3829 Ruhnkenius:
869 3776 912 3828 eir
926 3776 1009 3827 animi
1020 3774 1119 3847 sortis-

62 3870 106 3905 osr
123 3851 236 3916 aliquam
259 3852 341 3901 latere
366 3851 391 3900 in
410 3849 576 3916 sequentibus
610 3848 701 3912 simus,
715 3845 776 3896 belli
790 3845 968 3914 peritissimus
984 3849 1118 3897 Romano-

61 3921 152 3976 verbltt
164 3921 292 3988 corruptis
304 3921 372 3972 ultro
386 3927 501 3988 apparel.
520 3919 575 3971 lum
611 3917 766 3989 quenomim'
774 3916 975 3986 infestissimus.
985 3915 1120 3984 Sedpent'-

61 4007 126 4046 cum
140 3990 236 4058 patria
254 4006 302 4059 pro
317 3999 434 4057 paterna
447 3996 575 4057 repugnet
611 3998 657 4040 tus
675 3987 883 4058 infestissimus,
894 3988 1029 4040 formulam
1043 4003 1059 4038 a
1074 4004 1120 4041 ca-

60 4062 218 4117 Veileianse
262 4060 454 4125 consuetudini,
494 4059 576 4127 (recte
611 4059 747 4112 denteiam
756 4057 1120 4110 Latinitatehnudabhorren-

61 4134 133 4188 enim
151 4133 291 4200 distinguit,
300 4131 366 4184 inter
378 4137 515 4196 utrumque
529 4146 576 4184 vo·
610 4138 663 4184 tem
674 4144 835 4196 nequaquam
850 4129 1128 4183 sollicitandamreor.
