2536 4590
503 151 768 225 ...27-

111 343 290 425 proposito,
311 341 545 425 perseverantia
565 337 671 414 ducis,
700 359 796 422 quem
820 340 1009 407 murinarum
1038 344 1166 405 miserat

109 448 240 515 militem
262 446 415 515 rictorem
431 443 561 525 recepit.
612 442 750 505 Tantum
770 443 873 505 effecit
903 446 1021 508 mixtus
1051 444 1167 528 pudori

110 549 208 611 timor
228 569 363 630 spesque
388 546 604 628 desperatione
627 546 778 626 quaesita.
818 545 880 609 Hic
910 547 1026 609 virtute
1055 567 1090 609 ac
1117 567 1166 609 ss·

109 651 241 710 veritate
265 651 356 727 facti,
376 662 409 712 at
427 649 544 712 Fabius
566 646 759 708 Aemilianus
788 646 882 708 Pauli
910 649 1054 731 exemplo
1076 647 1167 711 disci·

109 754 214 834 plinae
237 753 272 813 in
292 753 446 834 Hispania
466 753 529 813 fuit
546 749 747 815 clarissimus.
1171 769 1183 808 s

77 887 94 939 1
194 876 251 936 Vt.
295 875 413 935 Decem
435 872 548 934 deinde
574 870 766 952 interpositis
792 869 900 949 anuis,
924 870 980 954 qui
1013 870 1050 932 T.
1073 868 1170 930 Grae·

109 977 224 1051 chum,
245 975 328 1037 idem
350 976 387 1038 C.
409 979 538 1038 fratrem
560 975 627 1036 eius
652 976 816 1054 occupavit
837 976 929 1036 furor
949 987 1013 1035 tam
1040 973 1168 1035 virtuti·

109 1079 172 1135 bus
196 1076 264 1137 eius
287 1079 432 1139 omnibus
453 1098 548 1158 quam
560 1079 633 1138 huic
647 1078 748 1139 errori
761 1078 909 1152 similem,
930 1077 1055 1155 ingenio
1074 1075 1167 1138 etiam

79 1178 357 1260 zeloqueutiaque
390 1181 482 1258 louge
516 1181 785 1260 praestantiorem.
844 1176 908 1253 Qui
939 1199 1010 1239 cum
1045 1198 1166 1239 summa

111 1282 215 1362 quiete
237 1280 333 1340 animi
355 1281 486 1343 civitatis
506 1280 654 1362 princeps
680 1301 746 1342 esse
773 1293 897 1361 posset,
925 1281 977 1343 vel
1004 1279 1200 1346 vindicas-10

108 1381 166 1442 dae
189 1383 346 1442 fraternae
365 1385 475 1445 mortis
495 1383 593 1463 gratia
614 1384 666 1444 vel
685 1378 951 1463 praemuniendae
974 1384 1087 1461 regalis
1108 1401 1167 1462 po·

105 1485 223 1545 tentiae
245 1483 384 1546 eiusdem
406 1487 543 1567 exempli
563 1486 758 1548 tribunatum
782 1488 957 1566 ingressus,
985 1486 1079 1564 longe
1100 1507 1167 1546 ma·

104 1587 176 1649 iora
201 1603 230 1651 et
253 1591 376 1651 acriora
395 1603 559 1670 repetens,
584 1587 678 1652 dabat
699 1590 854 1651 civitatem
872 1588 1018 1649 omnibus
1039 1586 1165 1663 Italicis,

69 1700 90 1751 3
110 1684 310 1752 ¹extendebat
331 1712 400 1752 eam
421 1712 521 1772 paene
541 1713 642 1774 usque
661 1693 759 1772 Alpis,
778 1689 937 1753 dividebat
957 1710 1058 1769 agros,
1080 1702 1167 1750 veta-

105 1792 163 1852 bat
192 1813 384 1874 quemquam
415 1794 514 1854 civem
538 1796 610 1873 plus
644 1793 820 1875 quingentis
846 1794 1005 1872 iugeribus
1037 1793 1201 1863 habere,1s

107 1893 196 1974 quod
218 1894 389 1976 aliquando
410 1896 477 1974 lege
498 1895 623 1955 Licinia
646 1908 771 1956 cautum
789 1908 873 1973 erat3
894 1917 976 1960 nova
999 1897 1167 1958 constitue-

107 1998 343 2077 batportoria,
368 1998 457 2059 novis
480 1998 610 2061 coloniis
632 2001 775 2080 replebat
794 2000 989 2078 provincias,
1010 1998 1125 2060 iudicia
1148 2019 1166 2057 a

108 2113 220 2162 senatu
245 2102 451 2161 transferebat
475 2099 515 2161 ad
539 2102 676 2183 equites,
704 2102 896 2162 frumentum
919 2102 1006 2182 plebi
1028 2100 1096 2161 dari
1117 2100 1166 2159 in-

105 2202 262 2282 stituerat3
283 2204 363 2262 nihil
382 2204 564 2281 immotum,
585 2204 668 2264 nihil
686 2205 907 2286 tranquillum,
930 2204 1010 2264 nihil
1026 2203 1166 2285 quietum

107 2305 244 2387 denique
266 2305 300 2365 in
322 2303 431 2367 eodem
453 2318 534 2366 statu
556 2306 774 2387 relinquebat,
804 2308 880 2387 quin
911 2309 1042 2367 alterum
1072 2306 1202 2370 etiamaa

73 2407 303 2479 econtinuavit
337 2406 540 2471 tribunatum.
595 2410 690 2469 Hunc
719 2408 757 2470 L.
787 2406 931 2488 Opimius
971 2405 1078 2483 COS.,
1111 2406 1167 2488 qui

104 2511 171 2572 PR.
205 2510 361 2588 Fregellas
384 2511 562 2589 exciderat,
583 2495 793 2595 persequutus
813 2512 907 2572 aruris
936 2530 1062 2591 unaque
1090 2509 1116 2569 F
1119 2511 1166 2569 ul-

103 2612 194 2674 vium
215 2613 363 2674 Flaccum
387 2617 585 2676 consularem
617 2637 652 2676 ac
680 2615 903 2694 triumphalem
934 2614 1038 2676 virum
1068 2635 1166 2695 aeque

105 2736 206 2794 prava
237 2715 427 2795 cupientem,
458 2738 554 2799 quem
586 2717 622 2779 G.
651 2718 809 2780 Gracchus
841 2717 875 2777 in
908 2718 1013 2778 locum
1047 2716 1168 2777 Tiberii

104 2819 210 2878 fratris
251 2818 389 2880 mvirum
420 2822 650 2898 nominaverat,
692 2843 765 2882 eum
802 2823 921 2891 socium
961 2821 1072 2898 regalis
1109 2816 1197 2883 adas

71 2934 281 3001 ssumpserat
301 2925 477 3001 potentiae,
506 2937 607 2987 morte
637 2923 750 2986 adficit.
792 2923 830 2989 Id
859 2945 958 2984 uuum
980 2924 1100 2984 nelarie
1121 2925 1160 2983 ab

177 3093 203 3141 2.
224 3089 412 3157 pudortimori
448 3094 474 3144 4.
492 3093 568 3144 Pauli
586 3093 633 3156 ΕΣ,
654 3094 774 3161 exemplo
812 3097 837 3145 6.
866 3093 909 3145 Ti.
935 3088 1081 3142 Gracchum
1117 3091 1161 3141 25.

104 3159 230 3225 nomine,
248 3178 277 3213 re
296 3169 382 3214 autem
399 3164 497 3214 socium
533 3168 578 3217 26.
597 3163 694 3216 adiecit

141 3309 167 3355 1.
185 3306 234 3356 Vv.
252 3305 452 3371 perseverantia
467 3306 542 3359 ducis
556 3325 614 3362 eum
687 3313 728 3359 19.
764 3308 937 3373 Hottingerue
974 3305 1163 3372 distinguebats

102 3375 210 3426 Davisio
228 3377 263 3429 R.
284 3375 315 3441 [].
650 3379 720 3430 nitrit
738 3380 873 3448 quietum,
901 3378 1011 3446 (leuique
1030 3379 1057 3427 ιἰι
1076 3377 1164 3426 eodem

140 3451 167 3498 2.
182 3444 280 3512 pudori
299 3447 388 3514 timor]
414 3449 446 3502 Δ.
473 3449 560 3515 pudor
578 3449 616 3500 ti·
651 3460 727 3501 statu
748 3449 924 3517 relinquebat.
951 3453 1047 3502 Verum
1066 3451 1104 3498 sic
1122 3463 1165 3497 re-

102 3516 172 3566 moti
190 3518 223 3568 0.
242 3517 333 3568 timori
346 3519 436 3585 pudor
451 3521 527 3575 PbR.
651 3523 811 3586 quiescetur:
833 3520 901 3568 rrilzil
926 3522 1062 3589 quietum,
1096 3515 1166 3564 nihil

139 3591 166 3640 3.
185 3588 228 3653 uc]
254 3590 335 3640 Apu.
352 3599 378 3638 et
397 3590 431 3640 b.'
653 3593 764 3661 dariique
789 3597 853 3650 cet,
882 3590 907 3640 id
936 3590 1005 3654 qnod
1031 3606 1044 3638 a
1073 3588 1165 3639 Velleii

140 3663 166 3711 4.
185 3658 270 3708 Pauli
287 3658 617 3726 erenrplo]APbR.Pauli
652 3664 755 3714 dicandi
781 3677 878 3725 genere
906 3662 1009 3712 minime
1033 3659 1163 3710 abhorret.

101 3731 153 3792 R,
172 3730 289 3796 exemplo
305 3723 410 3785 Rutuik.
686 3739 731 3785 25.
750 3733 950 3797 nominaverat,
974 3749 1032 3781 eum
1051 3730 1162 3796 aurium]

139 3804 166 3850 6.
189 3800 240 3866 Th]
260 3802 312 3854 bR.
333 3805 362 3855 T.
382 3804 437 3855 ΑΡ.
652 3806 733 3856 APR.
769 3802 907 3867 rrumirrc‚·
928 3821 955 3853 re
993 3811 1083 3852 autem
1119 3819 1164 3849 so-

140 3873 184 3921 13.
213 3871 319 3921 acriora
352 3871 483 3938 repetens]
517 3873 615 3928 APbR.
652 3876 721 3924 cium
740 3874 863 3924 Halmius.
884 3874 1068 3923 terminaverat
1089 3888 1164 3920 euru-

100 3939 206 3990 altiora
223 3951 315 4008 petens
332 3943 437 3995 Ruhult.
651 3962 701 4013 que
716 3945 815 3995 socium
827 3945 851 3994 b.
867 3943 1050 4007 (arretinorum,
1064 3942 1165 3993 socium

140 4015 185 4062 ts.
205 4012 275 4079 dare]
296 4015 368 4068 APb.
390 4015 455 4064 dare
473 4012 562 4064 Aldus.
580 4013 615 4067 R.
649 4015 766 4080 Rultuk.)
1003 4018 1009 4029 '

142 4086 184 4134 19.
203 4081 616 4150 instituerat]APbttJmtirue-
685 4091 729 4136 26.
749 4081 856 4150 adficit]
873 4082 971 4136 APbR.
990 4082 1093 4154 adserit
1105 4083 1163 4133 He-

101 4151 152 4203 bat
172 4153 301 4209 Herelius.
650 4157 737 4208 relius.

1040 4333 1055 4365 x
1103 4323 1107 4330 ,
