2536 4590
496 185 754 261 ..95-

93 394 203 437 sarem
225 373 330 454 potius
350 372 468 432 habere
489 393 585 453 quam
610 373 783 434 Antonium
811 362 1002 456 principem,
1032 387 1155 438 tantum

58 477 266 539 &rettulisset
280 477 404 567 ‘habere
429 476 564 536 Brutum
593 495 688 555 quam
708 474 861 539 Cassium.
903 475 960 539 Cn.
987 478 1156 554 Domitius,

94 592 191 661 pater
209 577 248 638 L.
271 578 393 637 Domiti
416 598 520 656 nuper
542 599 560 638 a
581 578 672 638 nobis
694 577 754 639 uisi
770 578 1029 639 eminentissimae
1047 602 1082 641 ac
1096 598 1155 640 no·

94 680 267 743 bilissimas
290 679 492 759 simplicitatis
517 680 594 757 viri,
624 699 700 742 avus
732 681 826 742 huius
849 680 907 742 Cn.
933 681 1071 757 Domiti,
1092 684 1154 742 cla·

93 782 211 845 rissisrri
229 781 369 857 iuvenis,
392 784 548 860 occupatis
570 783 702 845 navibus
726 804 797 842 cum
821 803 933 860 magno
956 783 1179 863 sequentiums

97 883 230 945 consilia
250 901 307 941 sua
329 885 475 943 comitatu
506 886 597 961 fugae
628 885 837 966 fortunaeque
868 904 901 945 se
929 885 1082 945 commisit
1102 905 1156 944 se-

62 992 160 1046 lmet
192 987 261 1065 ipso
292 995 455 1044 contentus
489 982 566 1046 duce
597 987 743 1065 partium.
796 985 900 1045 Status
929 987 1074 1058 Murcus,
1100 985 1156 1066 qui

96 1087 190 1149 classi
209 1099 240 1148 et
261 1085 419 1148 custodiae
441 1087 536 1146 maris
558 1089 752 1165 praefuerat,
781 1109 852 1148 curn
878 1090 965 1149 omni
992 1089 1156 1150 commissa

95 1189 158 1252 sibi
179 1200 269 1268 parte
289 1189 430 1249 exercitu
452 1187 643 1269 naviumque
665 1188 739 1249 Sex.
760 1191 946 1269 Pompeium
966 1190 1024 1251 Cn.
1045 1190 1155 1268 Magni

95 1292 215 1368 lilium,
237 1289 292 1372 qui
313 1312 353 1351 ex
375 1290 528 1369 Hispania
555 1303 734 1368 revertens,
765 1291 902 1353 Siciliam
931 1295 1025 1355 arnus
1062 1314 1154 1356 occu·
1164 1315 1191 1352 10

64 1404 246 1474 spaterat,
277 1392 365 1472 petit.
399 1390 502 1474 adque
535 1413 584 1454 me
613 1395 641 1453 T
668 1415 685 1454 e
712 1395 872 1456 Brutianis
905 1396 1013 1456 castris
1048 1407 1079 1456 et
1112 1417 1154 1457 ex

96 1494 189 1556 Italia
208 1494 340 1575 aliisque
362 1507 516 1557 terrarum
539 1497 699 1576 partibus,
724 1518 804 1580 quos
827 1497 983 1576 praesenti
1011 1499 1154 1577 periculo

96 1597 230 1656 fortuna
261 1594 471 1673 subduxerat,
501 1600 669 1679 proscripti
695 1599 904 1660 confluebant.
937 1601 1053 1681 quippe
1082 1602 1155 1662 nul·

95 1699 165 1758 lum
188 1697 376 1759 habentibus
400 1710 514 1759 statum
541 1701 673 1780 quilibet
703 1698 770 1760 dux
802 1713 868 1761 erat
898 1698 1048 1777 idoneus3
1082 1722 1154 1762 cum

95 1801 229 1861 fortuna
247 1819 314 1861 non
333 1800 517 1867 electionem
539 1799 646 1876 daret,
668 1801 846 1879 perfugium
877 1798 1056 1861 ostenderet
1086 1803 1189 1860 exi-1⁵

96 1902 268 1983 tialemque
289 1913 504 1981 tempestatem
525 1903 716 1980 fugientibus
738 1902 830 1963 statio
850 1922 910 1981 pro
936 1913 1030 1981 portu
1061 1903 1154 1962 foret.

63 2022 80 2073 1
185 2002 334 2064 LXXIII.
375 2004 435 2063 Hic
467 2001 647 2065 adulescens
676 2015 743 2065 erat
768 2002 878 2066 studiis
906 2002 1012 2079 rudis,
1037 2003 1065 2063 is
1086 2023 1153 2064 ser·

95 2124 193 2166 mone
207 2107 378 2181 barbarus,
398 2106 518 2185 impetu
541 2118 727 2182 strennuus,
747 2127 841 2166 manu
865 2117 1046 2185 promptus,
1069 2104 1153 2182 cogi·

93 2217 182 2266 tator
202 2208 300 2281 celer,
328 2205 388 2267 fide
420 2207 504 2286 patri
535 2205 778 2282 dissimillimus,
810 2208 994 2269 libertorum
1023 2226 1154 2268 suorum

94 2309 231 2369 libertus
251 2329 478 2390 servorumque
499 2330 628 2386 servus,
648 2309 795 2390 speciosis
815 2307 978 2386 invidens,
1002 2320 1037 2369 ut
1061 2329 1190 2388 pare-so

59 2415 148 2470 zret
168 2409 360 2470 humillimis.
396 2431 490 2492 quem
518 2423 643 2473 senatus
666 2433 766 2491 paene
786 2424 868 2472 totus
896 2409 997 2471 adlruc
1020 2432 1036 2472 e
1056 2411 1152 2472 Pom·

92 2510 220 2591 peianis
240 2523 386 2572 constans
406 2515 546 2592 partibus
568 2525 640 2593 post
658 2515 789 2575 Antonii
809 2514 836 2572 A
858 2515 1013 2574 Mutinam
1046 2514 1153 2590 fugam

93 2611 211 2675 eodem
240 2614 295 2675 illo
320 2626 478 2694 tempore,
509 2636 572 2696 quo
598 2616 699 2677 Bruto
727 2615 896 2696 Cassioque
929 2615 1152 2675 transmarinas

92 2715 275 2795 provincias
296 2714 490 2793 decreverat,
514 2729 694 2777 revocatum
715 2737 756 2776 ex
779 2717 945 2797 Hispania,
966 2714 1023 2774 ubi
1041 2712 1152 2773 adver·

93 2836 150 2877 sus
185 2838 258 2878 eum
291 2819 494 2878 clarissimum
524 2822 641 2882 bellum
677 2820 778 2884 Pollio
814 2818 940 2879 Asinius
974 2814 1151 2894 praetorius
1160 2831 1188 2872 2⁵

76 2931 250 3001 ‘gesseram
276 2921 310 2980 in
337 2933 469 2999 patema
498 2923 582 2980 bona
614 2922 789 2979 restituerat
821 2929 852 2977 et
871 2936 945 2978 orae
976 2915 1151 2976 maritiutae

55 3027 77 3080 3
89 3021 299 3102 praefecerat.
341 3021 453 3098 Istum,
478 3034 513 3081 ut
535 3020 765 3102 praediximus,
790 3031 938 3099 occupata
961 3018 1071 3089 Sicilia,
1087 3038 1153 3080 ser·

90 3123 175 3188 vitia
208 3122 418 3205 fugitivosque
450 3125 484 3183 in
517 3144 684 3184 numerum
727 3122 881 3184 exercitus
913 3120 963 3179 sui
998 3119 1173 3199 recipiens,

90 3245 247 3302 magnum
269 3223 399 3286 modurn
428 3225 587 3303 legionum
616 3225 777 3302 effecerat,
808 3244 867 3304 per
896 3242 991 3317 quern
1024 3221 1151 3283 Menam

169 3396 196 3443 7.
214 3390 316 3444 Statius
352 3397 378 3444 9.
398 3392 528 3444 exercitus
565 3396 607 3444 lt.
626 3392 660 3444 ad
678 3405 755 3457 quem
774 3397 835 3442 ete
870 3395 914 3443 17.
931 3390 1018 3452 rudis,
1034 3403 1152 3441 sermone

91 3466 140 3516 ts.
161 3467 282 3514 menum
317 3466 362 3517 22.
379 3478 394 3513 a
413 3463 515 3514 Mutius
550 3467 593 3515 st.
610 3463 638 3515 Is
656 3470 711 3515 tum
745 3464 790 3511 29.
809 3475 907 3527 perque
926 3461 1031 3511 Menam

127 3604 160 3651 1.
177 3599 290 3666 Status]
310 3603 341 3652 Δ.
363 3596 472 3650 Statius
488 3598 523 3651 R.
541 3600 609 3647 Stu-
679 3598 722 3646 1s.
736 3594 892 3657 strennuus]
904 3594 933 3643 Δ.
944 3589 1151 3641 strenuuanIl.

88 3670 141 3723 ius
161 3668 214 3720 Pb·
680 3669 724 3715 18.
741 3661 884 3731 cogitator]
906 3661 1004 3713 APbR.
1030 3659 1153 3727 cogitatu

129 3744 162 3792 9.
179 3738 312 3804 exercitu]
330 3740 386 3791 ΑΡ.
404 3738 537 3789 exercitus
557 3736 609 3787 bR.
645 3733 770 3786 scheller.
783 3731 909 3798 (Ruhnk.)
922 3731 1033 3783 Fiedler.
1047 3729 1154 3798 cogitu-

130 3813 181 3861 11.
196 3809 280 3875 petit]
299 3809 381 3862 APR.
398 3809 479 3875 petiit
496 3808 520 3858 b.
646 3805 718 3856 tione
735 3802 885 3855 Rhenanus.
906 3803 1021 3854 Clodius.

131 3881 181 3931 11.
200 3876 290 3947 adque
303 3895 342 3928 me
352 3881 377 3928 T
387 3879 412 3945 e]
422 3879 477 3933 ΑΒ.
488 3876 526 3926 ad
534 3894 612 3947 quem
682 3878 727 3926 22
737 3874 887 3926 Antoniane
894 3872 1031 3922 Mutinam
1038 3867 1154 3936 fugam]

88 3959 122 4003 et
142 3965 160 3996 e
178 3946 256 4000 Pbtt.
649 3945 680 3996 Β.
698 3944 814 3995 Antorui
828 3961 847 3992 a
859 3941 973 3994 Mutina
980 3940 1082 4008 sugam
1099 3939 1156 3991 Bn-

131 4022 181 4073 ts.
196 4015 368 4087 perfugium]
387 4017 468 4069 APR.
485 4015 534 4066 sed
549 4032 613 4083 per·
648 4029 699 4069 tc.
711 4015 762 4069 btt.
789 4012 975 4066 Antonianum
980 4009 1084 4078 fugam
1099 4012 1154 4064 ΔΡ.

81 4088 212 4164 fugium
230 4087 256 4138 b.
685 4089 729 4137 st.
748 4083 847 4148 latum]
866 4083 921 4133 ΔΡ.
945 4081 1049 4130 Istum
1067 4081 1119 4133 bR.

131 4163 180 4211 11.
198 4156 277 4207 rudis
293 4156 330 4221 is]
347 4158 378 4208 A.
398 4154 473 4205 rudis
492 4155 568 4210 Pbtt.
683 4158 728 4207 29.
742 4171 792 4223 per
810 4151 898 4222 quem]
916 4151 946 4204 Δ.
961 4167 1062 4222 perque
1078 4151 1155 4207 Pbtt.
