2536 4590
546 191 827 271 -tts-

132 401 148 452 l
250 389 287 453 C.
330 387 434 451 Sensit
460 399 616 448 terrarum
644 383 729 445 orbis
760 382 928 463 digressum
950 409 968 448 a
989 385 1134 450 custodia
1155 388 1224 453 Ne·

163 513 275 555 renem
295 493 392 554 urbis.
410 510 483 551 narn
499 501 528 549 et
544 487 679 547 Parthus
694 484 864 548 desciscens
880 510 898 548 a
912 489 1055 551 societate
1070 491 1225 552 Romana

165 594 276 656 adiecit
299 594 465 657 Armeniae
492 610 620 652 manum
647 602 677 650 et
704 589 871 651 Germania
900 591 1014 654 aversis
1051 591 1224 655 domitoris

132 699 212 763 2sui
242 698 338 760 oculis
368 694 539 759 rebellavit.
590 693 631 753 At
662 692 696 750 iu
726 693 805 752 urbe
839 713 876 754 eo
909 694 978 773 ipso
1014 715 1122 772 anno,
1157 715 1223 777 quo

163 797 454 880 magnificentissimi
474 794 646 876 gladiatorii
662 794 801 854 muneris
818 796 1083 877 naumachiaeque
1100 809 1244 876 specta-s

164 907 240 965 culis
262 905 304 965 D.
326 907 482 981 Augustus
506 899 618 959 abhinc
642 916 741 958 annos
762 917 841 958 xxx.
866 919 898 959 se
921 911 951 958 et
973 898 1063 960 Gallo
1083 896 1225 961 Caninio

164 1002 276 1068 COSS.
305 1003 444 1065 dedicato
477 1001 589 1062 Martis
622 1001 739 1080 templo
770 1000 889 1061 animos
920 1002 1092 1082 oculosque
1122 1003 1161 1064 P.
1185 1002 1226 1064 R.

164 1107 355 1187 repleverat,
374 1104 467 1167 foeda
487 1105 520 1163 in
543 1101 627 1164 dictu
648 1102 860 1184 memoriaque
883 1102 1043 1164 horrenda
1062 1104 1100 1164 in
1122 1105 1226 1185 ipsius

130 1206 260 1271 tidomo
280 1220 446 1289 tempestas
468 1207 580 1286 erupit.
624 1202 749 1285 Quippe
768 1206 831 1267 filia
853 1206 919 1265 eius
940 1205 1020 1265 Iulia
1035 1226 1096 1286 pen
1115 1209 1226 1269 omnia

161 1312 241 1374 tanti
270 1312 408 1391 parentis
438 1332 472 1370 ac
500 1309 560 1370 viri
584 1308 747 1367 immemor
780 1307 877 1382 nihil,
912 1306 998 1388 quod
1028 1309 1135 1369 fauere
1171 1320 1256 1375 autre

161 1413 228 1492 pati
251 1412 386 1491 turpiter
406 1422 511 1490 posset
532 1410 660 1485 semina,
683 1409 808 1470 luxuria
841 1407 970 1469 libidine
992 1408 1145 1473 infectum
1170 1432 1224 1473 re-

162 1513 255 1595 liquit
292 1510 598 1593 magnitudinemque
628 1513 772 1573 fortunae
813 1531 887 1572 suae
916 1510 1065 1591 peccandi
1093 1513 1223 1577 licentia

130 1614 367 1690 metiebatur,
389 1610 539 1696 quicquid
570 1614 682 1674 liberet
714 1634 773 1694 pro
801 1614 886 1675 licito
919 1612 1093 1679 vindicans.
1135 1617 1222 1679 Tum

161 1716 261 1776 Iulius
282 1717 451 1791 Antonius,
481 1715 635 1794 singulare
660 1717 837 1795 exemplum
859 1717 1038 1777 clementiae
1067 1715 1221 1798 Caesaris,

161 1822 301 1884 violator
320 1820 385 1881 eius
408 1819 533 1895 demus,
558 1819 624 1899 ipse
647 1819 769 1881 sceleris
788 1834 806 1879 a
825 1839 858 1880 se
877 1820 1032 1881 commissi
1046 1822 1134 1883 ulter
1147 1822 1252 1884 fuitus

163 1943 259 2005 quem
279 1923 361 1985 victo
387 1921 453 1982 eius
473 1934 562 2002 patre
585 1941 650 1982 non
669 1932 790 1982 tantum
808 1921 1021 1983 incolumitate
1037 1920 1217 2010 donaverat,

163 2023 217 2086 sed
240 2022 412 2086 sacerdotio
440 2034 587 2103 praetura
621 2026 783 2084 consulatu
815 2024 985 2104 provinciis
1017 2026 1216 2102 honoratum,

163 2125 257 2187 etiam
280 2125 480 2187 matrimonio
515 2125 631 2186 sororis
664 2146 738 2186 suae
771 2125 852 2188 filiae
880 2127 915 2186 in
939 2127 1142 2189 arctissimam
1162 2128 1216 2191 ad·

130 2228 311 2294 5finitatem
345 2239 514 2309 receperat.
576 2223 785 2309 Quintiusque
823 2226 985 2309 Crispinus
1026 2229 1213 2308 singularem

161 2330 334 2409 nequitiam
356 2329 522 2408 supercilio
543 2329 623 2389 truci
643 2342 806 2409 protegens
830 2343 859 2391 et
876 2331 997 2410 Appius
1017 2329 1167 2395 Claudius
1184 2345 1231 2397 ets

162 2425 366 2508 Sempronius
389 2428 548 2489 Gracchus
576 2450 610 2488 ac
632 2429 736 2509 Scipio
770 2432 885 2513 aliique
913 2433 1044 2495 minoris
1077 2436 1212 2499 nominis

160 2529 323 2612 utriusque
347 2527 466 2590 ordinis
485 2530 562 2606 viri,
583 2531 673 2611 quasi
695 2531 859 2595 cuiuslibet
880 2554 979 2596 uxore
1000 2536 1118 2601 violata
1136 2559 1212 2620 poe-

160 2651 217 2693 nas
238 2629 477 2712 pependissent,
497 2631 694 2712 pependere,
725 2655 795 2695 cum
820 2633 960 2697 Caesaris
979 2635 1076 2699 filiam
1098 2652 1129 2703 et
1148 2640 1213 2703 Ne·

160 2732 248 2796 renis
271 2733 439 2797 violassent
463 2735 634 2812 coniugem.
678 2730 757 2798 iulia
788 2738 923 2816 relegata
946 2739 981 2800 in
1001 2740 1137 2805 insulam
1156 2766 1213 2825 pa·

160 2836 299 2919 triaeque
313 2851 342 2898 et
360 2849 525 2918 parentum
536 2837 687 2900 subducta
704 2841 811 2901 oculis.
836 2861 929 2921 quam
950 2852 1056 2907 tamen
1069 2843 1230 2909 comitatae

159 2951 259 3000 mater
281 2936 445 3000 Scribonia
466 2940 634 3002 voluntarii
656 2941 742 3003 exilii
764 2941 934 3023 permansit
953 2962 1067 3005 comes.

128 3051 145 3104 1
246 3039 296 3102 CI.
339 3042 440 3104 Breve
460 3044 498 3103 ab
516 3043 576 3104 hoc
596 3046 812 3106 intercesserat
829 3045 976 3125 spatium,
997 3067 1068 3109 eum
1082 3046 1213 3111 c.cae·

160 3163 212 3201 sar
232 3155 302 3203 ante
324 3143 391 3204 aliIs
410 3145 578 3224 provinciis
600 3146 805 3208 adsidendum
827 3147 919 3209 obitis
942 3148 976 3207 in
994 3146 1120 3229 Syriam
1136 3149 1212 3211 mis-

160 3258 228 3317 sus,
253 3255 406 3306 convento
428 3246 516 3324 prim
541 3248 579 3307 T.
600 3247 745 3325 Nerone,
767 3249 817 3309 cui
848 3269 973 3311 ornnem
999 3252 1156 3315 honorem
1176 3264 1213 3315 ut

229 3376 255 3423 Β.
275 3372 350 3425 foeda
366 3375 436 3428 dictu
473 3381 680 3449 1lemr1aae
695 3383 800 3435 libidine
838 3385 881 3435 14.
896 3381 968 3435 iuius
1003 3386 1048 3437 22.
1066 3385 1212 3455 riri,qms

158 3442 295 3497 cuiuslibet
330 3449 373 3498 26.
393 3448 536 3501 voluntarla
570 3456 615 3506 28.
630 3454 663 3505 ad
681 3453 813 3506 visendum
849 3456 893 3506 29.
912 3453 954 3506 Ti.

193 3552 220 3602 8.
239 3548 327 3619 foeda
352 3551 381 3603 in
409 3551 494 3621 dictu]
521 3555 553 3608 A.
578 3554 665 3626 foeda
700 3559 727 3610 in
751 3577 820 3629 quas
843 3564 977 3625 correcto,
995 3560 1083 3681 prodit
1107 3562 1212 3619 Velleio

158 3618 232 3669 dictu
248 3622 323 3675 Pblt.
699 3629 778 3695 digua
807 3630 949 3682 sententia:
976 3632 1062 3697 „saud
1092 3634 1211 3689 severim

193 3689 662 3758 11.libidine]aromactuictineo.
699 3700 780 3768 puniti
808 3706 868 3751 sunt
898 3715 975 3766 quarn
1005 3702 1028 3753 sl
1052 3701 1210 3761 adulterina

194 3764 235 3814 1³.
253 3761 403 3829 vindicans]
416 3767 446 3816 Α.
464 3765 602 3833 (superscr.
619 3768 664 3817 iu·
698 3770 885 3822 commisissent
908 3787 966 3823 eum
994 3773 1134 3828 cuiuslibet
1159 3774 1209 3831 ite·

158 3827 251 3881 dicens
261 3831 407 3885 utcouieelt
420 3833 580 3903 Rhenanus.)
588 3839 663 3891 PbR.
697 3841 772 3892 minis
791 3841 915 3893 tenuioris
933 3842 1041 3895 uxere.”

193 3904 235 3953 14.
253 3902 354 3969 tutius]
378 3904 477 3957 APbR.
495 3906 574 3958 Iulus
593 3909 626 3961 0.
732 3914 777 3964 26.
790 3910 950 3978 voluntarii]
958 3913 1031 3966 APb.
1047 3913 1209 3969 adersario

191 3974 236 4023 22.
254 3974 344 4043 quasi]
362 3974 460 4029 arbit.
478 3993 546 4045 quas
565 3979 597 4029 Ο.
696 3980 808 4049 Lipsius.
827 3981 862 4033 R.

190 4043 234 4091 2³.
250 4043 450 4111 pependissent,
463 4047 617 4114 pependere]
630 4049 660 4101 Α.
730 4054 775 4104 28.
793 4050 978 4117 adsidendum]
993 4052 1049 4105 ΔΒ.
1067 4052 1108 4104 ati
1117 4052 1208 4107 risen-

151 4110 377 4175 pspendsrePbR.
413 4115 661 4183 Exegreglaatque
696 4120 759 4172 duan
772 4122 883 4191 Lipsius.
893 4122 1208 4193 mortuummare.)

154 4180 299 4233 unicerem
310 4185 421 4240 lectione
435 4186 499 4241 eod.
515 4192 562 4253 Α.,
581 4188 661 4260 quasi
730 4196 775 4246 29.
793 4192 836 4258 st]
854 4194 885 4246 Α.
907 4193 947 4245 Τι’.
966 4194 1042 4247 Pbtt.
