2564 4590
445 204 731 281 -tot-

60 392 182 470 ciendi,
204 391 298 458 simul
318 395 353 458 in
374 398 487 458 urbem
506 396 703 474 revertisset,
725 397 867 462 Caesaris
896 404 1023 468 consilia
1052 403 1113 467 ini·

21 512 40 564 2
58 508 137 557 erat.
159 497 249 558 Tunc
262 498 350 560 urbis
362 496 511 593 custodiis
525 503 720 582 praepositus
732 500 768 565 G.
782 498 947 568 Maecenas
962 509 1113 589 equestris

58 611 92 660 et
114 597 281 679 splendido
305 620 418 679 genere
438 612 545 680 natus,
568 604 633 681 vir,
656 603 712 666 ubi
738 623 790 666 res
811 605 948 686 uigiliam
969 609 1114 688 exigeret,

55 728 135 771 sane
159 702 320 776 exomnis,¹
338 702 508 784 providens
529 717 623 789 atque
646 705 758 787 agendi
777 708 894 784 sciens,
916 710 1009 770 simul
1038 730 1115 773 vero

39 807 180 891 'aliquid
199 828 240 869 ex
260 807 386 888 negotio
407 796 523 869 remitti
543 821 666 890 posset,
687 811 752 872 otio
779 832 815 872 ac
845 811 984 874 mollitiis
1014 830 1136 893 paenes
1171 796 1190 815 ⁸

54 916 142 978 ultra
165 912 314 972 feminam
341 911 460 990 licens,
488 924 554 974 non
582 912 686 974 minus
707 912 845 994 Agrippa
867 911 993 975 Caesari
1016 933 1116 992 carus,

57 1014 113 1080 sed
135 1016 238 1076 minus
258 1015 448 1093 honoratus,
469 1016 587 1098 quippe
608 1015 689 1080 vixit
709 1017 832 1096 angusti
851 1019 929 1081 clavi
941 1038 1024 1099 pene
1040 1037 1116 1079 con·

58 1131 181 1199 tentus;
205 1136 262 1176 nec
287 1117 409 1180 minora
430 1119 580 1202 consequi
600 1120 723 1200 potuit,
754 1117 809 1180 sed
829 1132 979 1182 nontam
1000 1140 1115 1183 concu-

22 1222 149 1303 spivit.
191 1220 251 1279 Hic
277 1222 455 1300 speculatus
477 1235 522 1284 est
544 1243 604 1302 per
624 1242 775 1284 sommam
802 1223 938 1304 quietem
961 1244 996 1284 ac
1026 1221 1115 1284 dissi·

57 1324 262 1386 mulationem
286 1324 463 1403 praecipitis
486 1325 615 1385 consilia
633 1324 756 1387 iuvenis
787 1337 818 1385 et
837 1317 926 1386 'mira
958 1325 1151 1385 celeritatem

58 1429 209 1509 nullaque
232 1447 302 1487 cum
323 1426 558 1506 perturbatione
580 1437 634 1487 aut
653 1446 760 1487 rerum
787 1440 841 1488 eut
870 1428 1035 1489 hominum
1058 1447 1116 1508 op-

57 1546 170 1609 presso
199 1526 321 1608 Lepido
350 1528 476 1588 inmane
501 1527 577 1591 novi
607 1549 641 1588 ac
673 1529 881 1590 resurrecturi
910 1528 986 1591 belli
1017 1529 1115 1593 civilis

56 1630 207 1691 restinxit
225 1630 359 1691 initium.
392 1642 422 1690 et
444 1630 497 1689 itte
519 1627 646 1710 quidem
667 1632 747 1691 male
769 1632 983 1692 consultorum
996 1651 1114 1711 poenas

59 1733 205 1794 exsolvit.
246 1733 408 1814 Aequatur
436 1730 611 1810 praedictae
638 1725 705 1790 iam
722 1732 872 1792 Antistiae
900 1731 1032 1796 Servilia
1053 1731 1116 1791 Le-

56 1834 129 1916 pidi
152 1854 248 1909 uxor,
269 1855 349 1916 quae
371 1833 444 1896 rivo
466 1834 531 1912 igni
553 1831 702 1895 devorato
729 1844 960 1912 praematuram
981 1843 1149 1894 mortem¹⁵

58 1937 269 1999 immortalem
290 1937 431 1997 nominis
452 1937 501 1997 sui
519 1935 663 2016 pensavit
683 1935 877 1997 memoriam.

21 2059 41 2110 1
147 2041 332 2102 LXXXIX.
374 2039 490 2102 Caesar
510 2052 614 2101 autem
635 2058 779 2102 reversus
804 2039 837 2098 in
868 2037 987 2099 Italiam
1021 2048 1115 2117 atque

60 2132 175 2205 urbem
200 2162 361 2218 occursus,
384 2164 448 2225 quo
470 2144 578 2205 favore
612 2141 753 2203 omnium
784 2140 948 2203 hominum
971 2139 1116 2200 aetatium

61 2244 210 2309 ordinum
243 2257 390 2326 exceptus
420 2247 481 2320 sit,
516 2266 596 2326 quae
626 2243 852 2322 magnificentia
883 2241 1116 2319 triumphorum

60 2352 148 2426 eius,
168 2369 247 2431 quae
277 2349 373 2409 fuerit
400 2366 583 2425 munerum,
618 2343 734 2406 nedum
763 2345 796 2405 in
832 2344 935 2424 operis
962 2341 1153 2426 siquidemao

59 2452 137 2513 iusti
157 2451 303 2527 materia,
325 2448 442 2511 nedum
464 2451 558 2510 huius
581 2459 646 2508 tam
667 2448 757 2508 recisi
780 2445 873 2526 digne
894 2443 1029 2524 exprimi
1046 2457 1117 2524 pot-

19 2565 118 2621 zest.
158 2554 246 2615 Nihil
270 2550 382 2613 deinde
403 2565 547 2632 optares
572 2550 619 2611 dis
641 2550 800 2626 homines,
829 2549 908 2609 nihil
937 2547 981 2607 dii
1009 2549 1118 2609 homi-

61 2656 158 2716 nibus
177 2667 335 2736 praestare
355 2667 503 2735 possunt,
527 2655 606 2716 nihil
622 2665 696 2716 voto
715 2651 855 2731 concipi,
877 2651 957 2712 nihii
971 2651 1118 2710 felicitato

61 2757 293 2835 consummari,
315 2756 399 2839 quod
422 2777 488 2819 non
508 2758 666 2836 Augustus
687 2768 758 2836 post
784 2752 919 2815 reditum
948 2753 982 2810 in
1008 2754 1119 2812 urbem

60 2861 143 2941 reip.
166 2862 354 2942 populoque
387 2860 446 2923 lto.
478 2871 697 2938 terrarumque
729 2855 799 2916 orbi
829 2852 1154 2933 repraesentaveritis

135 3019 163 3071 2.
181 3018 311 3084 equestri,
329 3016 376 3070 sed
422 3021 447 3070 t.
467 3017 534 3069 clavi
559 3017 610 3068 tine
637 3018 774 3067 contentus
817 3015 860 3067 13.
885 3009 1039 3063 incendium.
1078 3014 1119 3062 14.

64 3087 164 3141 Antisti
183 3094 210 3140 et
227 3089 338 3140 Servilia
374 3092 416 3140 15.
437 3093 601 3157 praematura
618 3091 702 3139 morte
749 3088 791 3136 18.
811 3082 916 3148 urbem,
930 3097 993 3148 ,quo
1011 3097 1121 3135 occursu

63 3162 112 3211 20.
130 3174 164 3211 ne
184 3158 209 3211 in
227 3161 314 3227 operis
331 3159 435 3226 quidem

100 3286 129 3339 9.
144 3285 276 3354 equestris
301 3285 340 3353 et]
371 3285 425 3339 ΑΡ.
449 3285 576 3357 equestri,
611 3281 727 3338 Servilio
751 3283 867 3337 Vossius.
892 3281 927 3336 R.
961 3279 1121 3349 Colpiuruioe

64 3355 118 3406 ssd
135 3355 186 3408 bR.
611 3355 721 3408 Antisti
737 3363 765 3404 et
788 3353 903 3405 Servilia
927 3351 1075 3404 Rhenanus.
1096 3354 1120 3402 b.

87 3422 128 3478 ’4.
144 3425 297 3493 providens]
317 3426 391 3479 PbR.
409 3425 527 3493 prudens
543 3429 575 3480 A.
644 3432 686 3479 15.
691 3434 894 3493 praematurum
901 3423 1120 3488 mortem]APbR.

65 3512 102 3550 ex
120 3511 193 3549 mero
212 3512 313 3561 errore,
333 3503 362 3549 ut
379 3497 500 3550 arbitror.
608 3504 788 3564 praematura
807 3502 890 3544 morte
908 3493 1042 3544 Buterios.
1067 3491 1120 3542 Cir.

101 3572 130 3621 ¹1.
148 3568 261 3637 angusti
283 3567 365 3634 clavi]
385 3569 467 3621 APR.
487 3585 578 3638 aagu-
613 3567 677 3633 Cap.
698 3569 765 3627 115,
784 3569 811 3616 5.

65 3646 112 3689 sto
129 3636 207 3689 clavo
225 3639 249 3690 b.
647 3640 692 3687 lo.
708 3630 883 3683 immortalem
908 3658 944 3670 -
968 3655 1003 3669 ··
1029 3647 1122 3680 mento-

102 3712 130 3760 7.
146 3708 225 3776 pene]
244 3707 342 3762 APbR.
361 3706 421 3773 fine
444 3708 575 3770 Heinsius,
612 3704 691 3770 riom]
712 3703 767 3755 ΑΒ.
794 3700 940 3753 immortal‘
963 3729 999 3742 -
1017 3729 1053 3739 -
1071 3718 1124 3750 crte-

65 3779 118 3833 etat
148 3786 238 3847 postca
267 3778 428 3846 improbavit.
459 3776 577 3846 praemio
612 3775 697 3828 moria
713 3773 789 3827 PbR.

64 3850 154 3915 Sitttg.
182 3847 392 3921 (angosticlavio
413 3848 491 3919 plene
518 3850 576 3900 Sal·
649 3850 692 3897 18.
711 3844 847 3912 occursus]
864 3843 935 3896 th.
952 3857 1123 3913 quooccursu

64 3920 184 3986 matius.)
614 3917 727 3985 Lipsius.
745 3918 779 3969 R.

104 3994 148 4043 ta.
167 3989 286 4058 initium]
305 3990 404 4046 APbR.
431 3986 581 4041 incendium
651 3992 696 4040 20.
716 3986 812 4038 medum
829 3985 857 4035 in
875 3980 961 4052 operis
984 3979 1123 4104 cipridem]

66 4061 201 4116 Herelius·
618 4061 672 4112 ΑΡ.
691 4077 722 4109 ne
740 4058 767 4108 in
787 4055 872 4125 operis
890 4053 994 4122 quidem
1030 4054 1063 4105 R.

106 4135 152 4184 14.
183 4129 325 4185 Antistius
365 4128 491 4196 Servilio]
526 4130 581 4184 ΑΡ.
653 4135 696 4182 22.
732 4128 833 4194 deinde]
874 4122 970 4179 sttt.
1014 4122 1126 4194 denique

66 4201 181 4259 Antiati
212 4210 239 4253 et
264 4199 377 4253 servilia
405 4201 436 4253 0.
465 4199 583 4254 Antistii
620 4200 725 4256 uultui.
