2536 4590
505 184 758 259 ..64-

107 401 144 444 ac
163 377 290 443 Venere
311 374 466 443 deducens
487 391 600 458 genus,
624 372 727 437 forma
748 369 888 438 omnium
916 371 1038 457 civium
1060 379 1168 442 excel-

106 483 312 560 lentissimus,
334 481 441 561 vigore
462 479 558 542 aninni
578 477 763 555 acerrimus,
787 475 1018 539 munificentiae
1043 479 1169 543 effusis·

108 585 219 661 simus,
238 585 343 648 aniano
363 604 458 664 super
478 584 648 643 humanam
666 592 697 643 et
709 592 853 641 naturam
867 593 897 640 et
914 579 1008 642 fidem
1045 597 1173 648 evectus

109 684 323 766 magnitudine
360 684 598 764 cogitationum,
629 663 785 744 celerit'ate
822 681 979 761 bellandi,
1018 685 1173 764 patientie

111 790 324 872 periculorum
368 788 485 866 Magno
519 786 567 847 illi
601 782 802 862 Alexandro,
835 783 890 846 sed
922 785 1029 847 sobrio
1062 800 1187 871 nequet

75 913 94 966 2
109 889 261 953 iracundo
280 889 475 966 simillimus3
500 888 555 971 qui
577 886 712 970 denique
733 907 856 967 semper
871 898 902 948 et
923 888 992 950 cibo
1008 900 1042 949 et
1059 909 1173 954 somno

109 993 145 1054 in
164 993 278 1069 vitam,
300 1011 365 1054 non
386 991 420 1052 in
441 991 636 1073 voluptatem
656 1002 812 1065 uteretur,
833 1010 904 1050 cum
922 988 1034 1051 fuisset
1049 989 1085 1052 C.
1101 993 1174 1054 Ma·

109 1093 158 1156 rio
189 1092 339 1172 sunguine
372 1093 642 1155 coniunctissimus
673 1105 767 1176 atque
797 1091 881 1154 idem
915 1090 1036 1155 Cinnae
1064 1116 1172 1173 gener,

111 1195 198 1257 cuius
233 1194 330 1257 filiam
350 1208 386 1257 ut
412 1194 606 1277 repudiaret,
637 1196 726 1257 nullo
758 1206 845 1257 metu
879 1196 1024 1276 compelli
1055 1198 1173 1277 potuit,

112 1317 183 1358 cum
203 1295 250 1358 Μ.
270 1296 344 1358 Piso
370 1280 542 1358 consularis
564 1296 729 1373 Anniam,
745 1317 824 1378 quae
846 1295 976 1378 Cinnae,
989 1316 1076 1359 uxor
1100 1300 1203 1361 fue-¹⁰

108 1412 175 1475 rat,
198 1398 233 1458 in
254 1396 360 1459 Sullae
384 1396 550 1460 dimisisset
570 1398 718 1478 gratiarn,
746 1399 968 1482 habuissetque
989 1400 1059 1461 fere
1079 1420 1173 1464 xum.

111 1486 211 1561 annos
233 1518 271 1561 eo
292 1510 450 1579 tempore,
479 1520 544 1582 quo
571 1498 660 1561 Sulla
688 1520 796 1562 rerum
826 1501 945 1582 potitus
976 1513 1039 1579 est,
1072 1505 1173 1583 magis

110 1600 259 1662 ministris
279 1599 384 1662 Sullae
415 1583 674 1685 adiutoribusque
702 1602 839 1683 partium
870 1623 965 1685 quam
992 1604 1063 1684 ipso
1093 1626 1172 1667 con·

113 1702 310 1783 quirentibus
340 1722 411 1764 eum
442 1702 482 1764 ad
513 1724 621 1766 necem
656 1715 775 1765 mutata
803 1715 887 1768 veste
922 1704 1170 1792 dissimilemque

110 1805 256 1865 fortunae
279 1824 354 1867 suae
385 1804 512 1867 indutus
546 1807 691 1869 habitum
723 1797 813 1869 nocte
842 1809 921 1868 urbe
955 1810 1080 1890 clapsus
1112 1825 1169 1875 est·
1179 1826 1203 1866 1⁵

77 1932 96 1984 3
111 1905 198 1968 Idem
219 1919 330 1987 postea
351 1904 521 1968 admodum
538 1907 682 1985 iuvenis,
705 1929 774 1968 cum
794 1931 812 1969 a
832 1909 940 1989 piratis
957 1923 1065 1991 captus
1078 1927 1172 1995 esset,

109 2010 153 2069 ita
173 2030 206 2070 se
228 2030 286 2089 per
307 2029 400 2070 omne
421 2008 571 2088 spatium,
600 2029 664 2090 quo
687 2010 727 2069 ab
749 2010 798 2071 his
826 2021 967 2072 retentus
997 2025 1059 2091 est,
1083 2014 1172 2096 apud

110 2131 164 2172 eos
185 2109 294 2189 gessit,
314 2122 349 2172 ut
368 2109 486 2191 pariter
504 2112 553 2172 his
576 2111 692 2173 terrori
711 2111 970 2193 venerationique
991 2127 1089 2192 esset,
1112 2138 1171 2179 ne·

110 2235 171 2295 que
191 2234 333 2294 unquam
353 2225 407 2274 aut
428 2211 478 2277 die
501 2223 556 2274 aut
575 2223 667 2274 nocte
689 2209 760 2295 (cur
781 2214 864 2274 enim
887 2212 973 2296 quod
995 2217 1046 2278 vel
1062 2222 1169 2282 maxi.

109 2335 197 2376 mum
220 2320 285 2392 est',
307 2314 334 2374 si
357 2315 479 2376 narrari
502 2315 605 2379 verbis
628 2315 775 2394 speciosis
798 2335 863 2377 non
891 2328 1019 2403 potest,¹
1040 2321 1205 2386 omitte-so

109 2412 197 2499 turi)
219 2427 274 2476 aut
294 2417 525 2477 excalcearetur
551 2429 605 2479 aut
625 2415 865 2496 discingeretur,
896 2417 931 2478 in
944 2419 1016 2481 boc
1039 2423 1170 2511 scilicet,

109 2540 150 2580 ne
174 2513 349 2598 siquando
382 2517 500 2600 aliquid
534 2541 574 2582 ex
595 2519 687 2582 solito
719 2519 874 2595 variaret,
903 2533 1064 2601 suspectus
1092 2526 1168 2605 hiis,

110 2621 165 2704 qui
186 2618 284 2681 oculis
307 2619 524 2683 tantummodo
545 2642 618 2684 eum
639 2620 870 2696 custodiebant,
895 2622 989 2706 foret.

75 2752 93 2802 1
197 2720 298 2784 XLII.
340 2720 485 2801 Longum
508 2736 553 2785 est
578 2744 728 2800 narrare,
753 2721 829 2805 quid
849 2732 879 2781 et
904 2722 1049 2803 quotiens
1072 2746 1170 2791 ausus

110 2824 166 2902 sit,
191 2836 310 2907 quanto
333 2844 428 2906 opere
449 2837 561 2888 conata
582 2826 668 2905 eius,
689 2827 745 2910 qui
764 2823 926 2887 obtinebat
939 2824 1046 2887 Asiam
1066 2831 1204 2909 magi-2⁵

109 2939 225 2989 stratus
246 2929 282 2989 P.
303 2926 357 3003 R.,
378 2938 467 2989 motu
489 2947 546 2990 suo
569 2924 749 2990 destituere.
792 2922 875 2987 Illud
898 2926 1054 2988 referatur
1068 2925 1170 2993 docu-

182 3104 209 3153 2.
227 3099 402 3152 munificentia
438 3101 570 3155 itabile
607 3102 695 3156 mite
731 3104 775 3154 le.
789 3105 921 3153 autnoete
939 3099 1041 3152 sutdie
1075 3101 1168 3155 azia

109 3174 153 3223 26.
172 3175 243 3223 metu
258 3186 307 3223 suo
320 3170 475 3223 destituerit.

111 3307 258 3377 tisperitea
270 3310 400 3373 (Caesaris
411 3314 541 3379 aequales,
553 3314 622 3367 uude
694 3317 736 3366 19.
756 3322 808 3364 aut
826 3313 867 3365 die
883 3322 935 3365 cut
950 3315 1036 3382 nocte]
1056 3316 1089 3369 Δ.
1113 3325 1170 3369 aut

111 3380 314 3447 imperfectum)
339 3380 488 3436 constabat.
656 3393 733 3435 nocte
761 3393 813 3434 aut
838 3385 880 3434 die
903 3384 978 3438 Pbtt.
1008 3385 1168 3450 (Videndum

146 3454 172 3503 2.
191 3449 402 3519 munificentiae]
417 3453 497 3506 APR.
511 3451 622 3520 munifi-
657 3459 746 3506 tamen·
762 3470 795 3506 ne
817 3456 960 3509 inconsulto
979 3456 1168 3510 Ametbacltius

111 3521 201 3573 centia
218 3521 245 3576 b.
656 3529 760 3576 secutus
786 3526 819 3576 sit
838 3527 1018 3579 Germanicam
1043 3528 1168 3593 loquendi

147 3598 174 3646 6.
192 3602 219 3642 et
229 3588 321 3642 ciboet
333 3591 433 3659 somno]
445 3592 475 3644 Α.
490 3599 518 3643 et
530 3608 621 3644 somno
655 3596 797 3658 rationem
819 3603 978 3665 quapropter
1001 3597 1028 3648 iu
1049 3599 1168 3664 margine

110 3671 138 3714 et
156 3660 212 3714 cibo
229 3663 304 3715 PbR.
548 3694 551 3701 ·
655 3666 731 3734 posui
747 3664 941 3719 Ritenanisnum
956 3667 1093 3734 ordinem.)

147 3738 173 3786 9.
190 3732 273 3797 metu]
299 3731 397 3784 APbR.
425 3731 499 3782 modo
516 3729 619 3798 Scheg-
689 3739 734 3786 22.
752 3734 816 3802 iiiia]
837 3741 868 3788 Α.
886 3737 920 3788 iis
938 3738 971 3789 0.
992 3735 1034 3787 hie
1051 3738 1130 3789 Pbtt.

110 3802 177 3858 iiius.
202 3802 274 3854 Male
295 3803 396 3866 Poptna
412 3802 516 3868 {aliique
543 3812 617 3856 motu
687 3811 731 3857 26.
751 3805 835 3873 motu]
850 3807 905 3859 ΑΡ.
919 3816 990 3856 metu
1006 3808 1059 3860 bR.
1072 3808 1168 3873 idest,

109 3874 160 3925 Ed.
178 3871 287 3942 principi
306 3871 430 3926 tribuunt.
652 3882 725 3928 metu
749 3891 826 3941 quem
852 3878 951 3945 piratae
975 3877 1050 3930 lunio
1076 3878 1167 3931 incus-

147 3946 189 3995 ll.
214 3940 417 4011 habuissetque]
444 3941 542 3995 APbR.
565 3959 618 3994 na-
653 3951 750 3999 serant.

110 4018 208 4080 tueque
222 4020 291 4064 esset
307 4012 441 4064 Gelenius.
687 4021 731 4067 26.
751 4014 906 4081 destituere]
917 4015 1016 4068 APbR.
1032 4014 1167 4067 destitue-

147 4083 189 4132 tt.
208 4081 311 4149 seper]
331 4082 407 4134 BbR.
427 4098 527 4150 semper
544 4084 598 4135 ΑΡ.
653 4085 691 4135 rit
711 4083 858 4140 Rhenanus.
885 4086 960 4150 (Seii.
979 4087 1036 4138 eius
1052 4092 1167 4139 annota-

146 4153 189 4206 17.
208 4147 243 4200 ab
267 4150 320 4217 his]
346 4152 446 4207 APbtt.
470 4150 505 4204 ab
524 4151 560 4205 ite
584 4153 618 4207 0.
654 4156 708 4209 iios
725 4156 821 4221 „Alias
839 4155 1009 4222 destitwt't,
1024 4156 1166 4225 uisipeulo
