2536 4590
510 180 763 257 ...14-

78 377 148 437 2ab
170 374 257 434 Eletc
277 370 433 453 Hipponis
459 369 524 435 silio
546 383 612 433 erat
630 368 773 448 condita,
794 370 934 436 funditus
953 374 1049 441 eruit.
1072 377 1175 441 Uter·

110 498 172 559 que
193 477 365 556 imperator
386 474 525 536 devictae
554 496 605 534 eas
626 476 725 552 gentis
745 476 870 536 nomino
893 478 1094 559 honoratus,
1126 484 1173 543 al·

108 594 157 642 ter
177 581 358 654 Africanus,
386 579 464 640 altor
489 581 661 658 appellatus
695 592 739 638 ost
759 580 923 640 Achaicus.
974 574 1051 641 Nec'
1082 585 1174 664 quis.

38 668 41 675 ¹
110 705 205 766 quam
227 706 266 746 ex
288 683 378 744 novis
398 682 577 743 homiuibus
605 680 693 758 prior
714 681 867 742 Mummio
897 701 1075 759 cognomen
1105 685 1174 746 vir.

75 797 173 849 iltuto
195 797 321 865 partum
341 782 518 845 vindicavit.
562 782 703 843 Diversis
718 783 957 861 imperatoribus
975 802 1097 862 mores,
1121 785 1190 848 di·s

109 911 199 952 versa
220 889 308 947 fraere
331 885 446 945 studia:
469 886 586 966 quippe
606 883 709 962 Scipio
736 897 799 943 tam
832 889 954 964 elegans
985 886 1174 949 liberalium

109 989 284 1052 studiorum
306 990 469 1068 omnisque
492 987 650 1048 doctrinae
672 999 703 1046 ct
725 1001 833 1048 auctor
855 1002 883 1048 et
907 986 1083 1047 admirator
1101 989 1173 1064 suit,

107 1103 143 1152 ut
176 1092 342 1171 Polybium
378 1092 624 1172 Panaetiumqne
661 1093 874 1170 praecellentis
913 1089 1038 1168 ingenio
1081 1093 1173 1154 viros

108 1192 194 1254 domi
215 1192 405 1274 militiaeque
428 1215 532 1255 secum
557 1196 712 1255 habuerit.
745 1213 848 1274 neque
881 1193 965 1252 enim
995 1193 1170 1274 quisquam

108 1297 169 1359 lroc
202 1296 348 1377 Scipione
384 1298 552 1373 elegantius
584 1297 747 1357 intervalla
781 1293 977 1371 negotiorum
1000 1294 1065 1352 otio
1106 1293 1201 1357 dis-n

108 1401 224 1479 punxit
243 1418 426 1477 semperque
447 1409 502 1456 aut
523 1398 596 1456 belli
619 1408 673 1456 aut
693 1399 777 1476 pacis
800 1398 907 1457 serviit
926 1396 1056 1456 artibus.
1078 1396 1170 1459 Sem·

109 1521 165 1579 per
186 1500 267 1559 inter
288 1519 374 1557 arma
398 1519 433 1557 ac
454 1496 556 1558 studia
579 1512 720 1559 versatus
742 1512 794 1558 aut
816 1518 929 1577 corpus
946 1496 1096 1576 periculis
1117 1511 1171 1561 aut

77 1592 250 1664 4111111111
267 1598 437 1679 disciplinis
461 1600 608 1661 exercuit.
651 1602 822 1661 Mummius
843 1613 907 1660 tam
929 1598 1016 1659 rudis
1039 1600 1112 1679 fuit,
1134 1613 1170 1662 ut

111 1716 201 1783 capta
223 1702 375 1764 Corintho
400 1724 471 1763 cum
499 1703 709 1763 maximorum
737 1701 890 1761 artificum
921 1701 1076 1779 perlectas
1100 1723 1168 1763 ma·

109 1807 201 1867 nibus
224 1808 345 1866 tabulas
368 1829 402 1868 ac
427 1820 543 1867 statuas
567 1808 600 1866 in
620 1807 739 1866 Italiam
762 1800 930 1883 portandas
951 1802 1087 1877 locaret,
1115 1803 1197 1868 iu·1s

110 1912 199 1970 beret
218 1908 356 1987 praedici
382 1909 645 1976 conducentibus,
668 1908 694 1965 si
725 1927 775 1965 eas
811 1903 1034 1984 perdidissent,
1065 1924 1168 1966 novas

80 2023 162 2076 scos
185 2007 372 2068 reddituros.
416 2009 490 2068 Non
512 2021 615 2068 tamen
646 2021 723 2087 puto
758 2006 900 2082 dubites,
929 2005 1051 2080 Vinici,
1088 2011 1168 2088 quin

36 2124 40 2133 ’
108 2113 205 2189 magis
228 2130 286 2191 pro
308 2111 420 2190 repub.
443 2110 540 2169 suerit
560 2130 687 2169 manere
710 2108 811 2169 adhuc
840 2107 952 2169 rudem
984 2104 1168 2171 Corinthio·

110 2234 181 2274 rum
204 2215 393 2274 intellectum
414 2234 507 2293 quarn
529 2214 563 2273 in
584 2226 705 2275 tantum
728 2235 764 2274 ca
785 2213 935 2290 intelligi,
957 2222 988 2271 et
1009 2211 1087 2291 quin
1107 2214 1168 2275 hac

110 2314 276 2396 prudentia
315 2315 369 2373 illa
409 2314 621 2394 imprudentia
661 2313 766 2376 decori
802 2314 928 2396 publico
960 2313 1055 2373 suerit
1091 2335 1199 2383 con-so

111 2416 297 2479 venientior.

82 2542 99 2593 l
195 2535 284 2594 XIV.
328 2532 407 2593 Cum
431 2534 552 2593 facilius
576 2533 726 2613 cuiusque
746 2534 794 2593 rei
823 2534 979 2595 inunum
1008 2550 1169 2600 contracto

110 2636 227 2716 species
253 2657 347 2716 quam
369 2634 467 2698 divisa
485 2637 678 2717 temporibus
696 2637 792 2697 oculis
808 2637 980 2718 animisque
993 2638 1168 2717 inhaereat,

110 2739 205 2798 statui
224 2739 361 2818 priorem
383 2738 475 2799 huius
490 2740 658 2800 voluminis
676 2740 942 2819 posterioremque
961 2753 1082 2819 partem
1101 2761 1169 2802 non

62 2862 71 2871 ·
111 2842 215 2902 inutili
232 2862 340 2902 rerum
363 2842 474 2903 notitia
494 2841 529 2902 in
551 2855 670 2903 arctum
694 2853 850 2902 contracta
866 2839 1052 2918 distinguere
1072 2855 1204 2925 atquess

185 3028 211 3077 1.
229 3023 262 3075 ab
279 3024 354 3075 Alete
364 3024 487 3091 Hippotis
522 3028 548 3076 2.
567 3025 710 3079 devictaea
724 3041 753 3078 se
767 3026 851 3092 gentis
892 3030 918 3077 5.
931 3025 1033 3103 Diversi

113 3175 183 3227 mins
210 3177 241 3227 A.
272 3175 311 3226 A·
340 3175 486 3225 Murnrnins
511 3177 553 3242 P.)
587 3181 621 3229 L.
659 3184 733 3241 suut,
751 3184 780 3228 ut
799 3194 846 3244 pro
865 3178 943 3241 gloss.
962 3176 1170 3246 ltoberlqueani.

113 3245 260 3298 Munianus
278 3246 426 3297 Rhenanus.
434 3247 485 3297 bR.
496 3256 522 3296 et
529 3250 623 3298 Mum·
657 3250 723 3301 Post
737 3248 814 3315 pacis
826 3248 934 3298 etunius
947 3250 1053 3301 inseruit
1063 3253 1152 3321 nangis
1160 3271 1171 3314 ,·

113 3317 182 3368 orius
202 3317 331 3368 Herelius.
659 3327 685 3371 et
704 3319 736 3369 ad
755 3335 857 3369 sensnm
875 3319 978 3383 quidem
1004 3326 1089 3384 recte,
1109 3338 1171 3377 curn

152 3392 176 3440 1,
196 3385 229 3434 ab
243 3386 318 3435 Elctc
336 3385 478 3453 Hipponis]
497 3386 555 3439 Α.α
569 3390 622 3437 Be·
659 3405 701 3442 vv.
718 3406 869 3457 seneperque
887 3418 922 3429 —
942 3418 973 3429 -
994 3390 1100 3442 ortibus
1114 3396 1171 3445 oti-

114 3457 165 3508 1111
183 3456 316 3524 Hipponis
334 3458 365 3508 P.
393 3454 427 3504 ab
451 3457 533 3508 Alete
551 3457 625 3526 Hip·
660 3476 710 3525 que
731 3462 874 3525 pertineant
892 3461 924 3511 ad
950 3463 1170 3528 comparationem

110 3529 183 3600 poris
202 3528 254 3579 bR.
659 3532 766 3582 oliorum
785 3545 842 3581 cum
861 3532 1000 3597 Scipione,
1021 3547 1061 3583 vv.
1080 3539 1169 3587 nutem

149 3603 174 3651 2.
194 3599 250 3664 eos]
271 3599 300 3649 Α.
321 3614 338 3646 a
355 3614 384 3647 se
401 3597 477 3650 PbR·
660 3619 759 3665 seraper
778 3628 811 3638 —
830 3627 864 3637 —
886 3612 1012 3651 versatus
1035 3602 1067 3652 nd
1086 3602 1171 3655 bisto-

149 3673 176 3720 11.
194 3669 326 3734 Diversis]
350 3668 597 3723 A.1)iversinR.
659 3673 739 3722 ticam
771 3673 949 3722 narrationem.
1005 3673 1100 3725 Verum
1134 3675 1171 3726 ad

148 3744 175 3790 7.
194 3738 352 3802 admirator]
373 3740 448 3793 PbR.
485 3741 514 3790 ln
535 3743 565 3792 Α.
585 3742 623 3792 sic
659 3742 766 3793 eandem
785 3744 1001 3809 comparationem
1019 3744 1171 3808 sigulsscan-

115 3815 168 3861 ests
196 3808 399 3858 adnnnistrotor
426 3826 553 3877 superscr.
572 3811 622 3859 ad-
659 3814 716 3864 dom
735 3811 829 3863 suflicit
851 3828 874 3863 v.
893 3813 1051 3881 elegantius.
1087 3820 1093 3830 '

114 3880 235 3929 mirator.
696 3889 737 3935 17.
757 3901 800 3932 eos
825 3882 987 3948 reddituros]
1015 3884 1086 3935 APb.
1111 3901 1169 3935 esse

106 3954 108 3960 ⁴
151 3950 335 4015 ll.Suspecta
348 3946 504 4000 Rulrukcnio
518 3955 545 4000 et
559 3950 622 4001 Bai·
658 3954 809 4004 reddituros
828 3954 956 4007 Heinsius.
976 3955 1009 4005 R.
1041 3954 1093 4018 (eos
1111 3970 1168 4007 ms-

114 4025 171 4071 tero
189 4034 229 4069 vv.
248 4035 398 4088 seraperque
411 4046 447 4058 ·-
460 4047 493 4058 -
508 4018 623 4083 ortibus,
658 4026 699 4089 gis
717 4025 796 4075 refert
820 4024 985 4075 foraminum
1004 4027 1169 4092 sermonem.)

114 4090 226 4142 Krausio
244 4104 283 4139 vv.
301 4107 401 4157 semper
425 4118 461 4128 —
478 4117 513 4129 -
531 4107 624 4141 versa·
696 4099 737 4146 17.
757 4092 978 4158 castrensem.
991 4094 1168 4148 dubitasset·

115 4169 170 4213 tus.
206 4158 306 4213 Neutra
321 4165 408 4214 tomen
422 4162 459 4214 ita
476 4166 624 4230 comparato
657 4167 761 4218 mosius.
