2536 4590
398 147 734 297 ...rr-

68 392 214 471 ciperent
236 388 523 470 hortarenturque,
551 399 588 448 ut
617 409 658 449 ex
691 389 837 451 oneraria
858 390 893 452 in
914 412 983 454 eam
1009 412 1131 468 navem,

70 514 154 577 quae
176 492 304 555 obviam
324 503 536 572 processerat,
557 491 802 555 transcenderet.
831 493 918 576 quod
949 514 1019 555 cum
1039 495 1131 554 fecis-

70 608 119 657 set
146 595 295 676 princeps
322 594 458 657 Romani
488 594 643 672 nominis,
683 594 815 675 imperio
850 597 1042 678 arbitrioque
1068 597 1137 656 Ae··

68 697 170 777 gyptii
189 696 340 775 mancipii
362 695 396 757 C.
419 695 569 773 Caesare,
598 697 711 759 Publio
736 697 870 761 Servilio
896 697 1009 764 COSS.
1038 698 1130 777 iugu-

30 800 150 860 Slatus
172 811 228 861 est.
270 799 331 865 Hic
352 811 424 878 post
446 811 509 859 tres
535 800 713 860 consulatus
734 813 765 860 et
792 800 921 863 totidem
952 791 1150 881 triumphose

68 901 286 983 domitumque
307 915 462 961 terrarum
487 903 595 962 orbem
628 902 812 963 sanctissimi
844 916 937 986 atque
966 917 1128 985 praestan·
1209 944 1211 948 >

67 1001 179 1062 tissimi
199 1002 261 1064 viri
282 1002 316 1061 in
335 1001 368 1061 id
391 1003 505 1077 evecti,
537 1000 636 1081 super*
656 1003 742 1084 quod
767 1005 893 1066 ascendi
921 1028 987 1068 non
1015 1020 1127 1088 potest,

68 1102 402 1182 duodesexagesimum
432 1125 550 1164 annum
581 1108 699 1182 agentis
731 1107 835 1186 pridie
863 1111 998 1170 natalem
1028 1109 1126 1190 ipsius

66 1207 152 1269 vitae
165 1206 235 1266 -fuit
256 1207 376 1281 exitus,
398 1207 432 1266 in
454 1219 575 1266 tantum
595 1208 630 1265 in
653 1207 708 1267 illo
737 1208 806 1269 viro
829 1231 847 1268 a
871 1230 904 1270 se
924 1209 1126 1272 discordante

67 1306 216 1383 somma,
238 1319 274 1368 ut
296 1308 347 1368 cui
366 1305 461 1369 modo
484 1307 521 1367 ad
544 1308 707 1370 victoriam
725 1322 808 1370 terra
824 1309 980 1389 defuerat,
1005 1311 1125 1375 deesset
1135 1332 1161 1369 ιο

29 1408 110 1470 tad
130 1411 333 1490 sepulturam.
375 1408 459 1485 Quid
480 1409 565 1471 aliud
587 1432 682 1493 quam
704 1412 835 1472 nimium
854 1426 1021 1496 occupatos
1037 1413 1126 1477 dixe·

64 1514 150 1591 rim,
167 1513 304 1595 quonin
326 1524 458 1574 aetatem
480 1527 511 1575 et
532 1515 611 1574 tanti
632 1525 663 1574 et
684 1535 784 1595 paene
816 1517 917 1577 nostri
945 1516 1041 1578 seculi
1064 1518 1126 1580 viri

64 1614 181 1676 fefellit
212 1614 479 1697 quinquennium,
508 1637 579 1677 cum
601 1636 619 1675 a
643 1613 678 1675 C.
699 1617 808 1692 Atilio,
840 1616 957 1692 Quinto
989 1619 1124 1683 Servilio

66 1715 159 1781 GOS.
184 1729 249 1778 tam
280 1718 380 1778 foelix
411 1731 491 1779 esset
524 1740 680 1780 annorum
714 1719 854 1798 digestio.
897 1720 984 1802 quod
1015 1721 1122 1800 adieci,

64 1840 152 1898 non,
172 1833 211 1881 ut
230 1841 409 1899 arguerem,
433 1819 548 1881 sedne
570 1840 728 1898 arguerer.
1046 1845 1081 1911 ᾖ
1131 1837 1158 1875 1⁵

30 1937 50 1986 1
149 1921 236 1983 LIV.
277 1922 353 1984 Non
374 1924 434 1983 fuit
462 1943 529 1984 non
549 1923 651 1982 maior
680 1923 714 1981 in
750 1919 931 2000 Caesarem,
965 1898 1122 2005 quamdin

63 2024 252 2105 Pompeium
276 2027 396 2102 fuerat,
417 2026 496 2104 regis
519 2046 709 2108 eorumque,
731 2045 866 2106 quorum
889 2025 916 2086 is
938 2026 1122 2087 auctoritate

62 2126 250 2205 regebatur,
276 2124 363 2186 fides.
389 2127 506 2207 quippe
537 2148 607 2187 oum
635 2127 812 2189 venientem
846 2146 919 2186 eum
950 2134 1123 2186 tentassent

61 2226 186 2289 insidiis
204 2250 239 2289 ac
257 2226 369 2289 deinde
393 2231 476 2290 bello
495 2232 646 2291 lacessere
667 2227 836 2304 auderent,
858 2226 985 2308 utrique
998 2246 1120 2289 summo

61 2330 291 2410 imperatorum
312 2331 402 2393 alteri
423 2333 582 2413 superstiti
599 2332 725 2392 meritas
745 2349 864 2411 poenas
887 2331 974 2389 luere
996 2331 1158 2411 suppli-ro

27 2431 133 2497 zeiie.
183 2432 350 2514 Nusquam
382 2446 449 2496 erat
480 2435 649 2515 Pompeius
684 2452 831 2513 corpore,
866 2429 967 2493 adhuc
1000 2433 1120 2514 ubique

60 2534 161 2596 Iubae
183 2536 323 2597 nomine.
353 2537 469 2618 quippe
495 2538 604 2616 ingens
634 2537 771 2617 partium
793 2535 858 2595 eius
890 2534 982 2598 saror
1003 2536 1121 2598 bellum

61 2635 254 2701 excitaverat
281 2637 437 2717 Atriorun,
467 2639 553 2723 quod
576 2642 674 2702 ciebat
698 2659 757 2700 rex
786 2638 865 2698 Iuba
887 2649 918 2696 et
938 2634 1043 2716 Scipio
1070 2637 1121 2698 vir

60 2741 237 2831 consularis
262 2751 333 2800 ante
356 2743 534 2823 biennium,
563 2765 658 2828 quam
680 2741 916 2820 extingueretur
942 2737 1121 2816 Pompeius,

137 2922 181 2975 12.
198 2919 226 2971 in
244 2923 331 2971 aetate
368 2923 410 2972 14.
428 2919 512 2972 facilis
558 2924 601 2972 16.
621 2919 680 2970 Non
701 2917 749 2968 fuit
772 2916 855 2968 maior
897 2914 1120 2985 20:1nperatort,

60 2995 168 3043 mortuo
185 2992 278 3056 alteri,
297 2992 373 3042 alteri
390 2993 521 3059 superstiti
557 2996 601 3042 21.
621 2990 716 3052 ubique
742 2988 845 3040 nomine

96 3134 125 3183 2
150 3130 265 3200 odviam]
295 3139 410 3198 temere,
443 3140 474 3185 ut
498 3139 572 3201 puto,
608 3129 766 3201 imperatori
792 3139 897 3182 mortuo
922 3127 1018 3195 alteri,
1037 3127 1120 3183 alteri
1169 3152 1171 3156 ⁴

58 3202 166 3268 omisit,
183 3203 377 3257 Amerbachius.
420 3205 487 3256 item
504 3221 530 3256 v.
546 3211 572 3258 t.
609 3205 642 3257 0.
667 3205 784 3255 Attemm
808 3219 833 3255 v.
860 3200 941 3252 alteri
974 3201 1007 3252 ab
1036 3202 1120 3255 altero

58 3270 123 3325 visi.
154 3272 299 3338 Neutrum,
317 3281 409 3341 utpote
428 3277 572 3326 necessari·
607 3275 757 3341 absorptum
776 3281 833 3337 est,
851 3289 876 3325 v.
903 3280 1007 3323 mortuo
1031 3274 1119 3325 coale-

58 3356 115 3406 nm,
126 3343 152 3393 tn
161 3351 286 3396 contextu
295 3345 465 3413 omittendum
475 3347 571 3399 cernui.
606 3360 713 3397 scente.
721 3343 876 3414 imperatori
889 3343 991 3411 peperit
1004 3342 1119 3414 impero·

96 3416 124 3465 6.
142 3415 236 3484 atque]
258 3417 291 3467 Δ.
313 3431 346 3463 ac
364 3410 439 3468 PbR.
607 3423 705 3466 torum.
883 3458 887 3463 .
1206 3416 1208 3422 ’

96 3485 141 3534 12.
160 3485 290 3550 aetatem]
310 3486 364 3539 ΔΡ.
383 3493 475 3535 aetate
498 3483 572 3538 Rhe-
642 3489 688 3538 20.
707 3482 829 3548 meritas]
841 3482 939 3535 thR.
958 3476 1060 3532 meritis
1069 3482 1117 3533 Li-

56 3567 151 3607 mue.
169 3554 221 3608 bn.
681 3594 689 3608 .
718 3553 833 3604 Ctudius.
852 3553 983 3603 walterus
1007 3552 1117 3602 afferte

27 3644 79 3747 ti
95 3626 141 3744 ¹i'
154 3622 571 3764 hethQt“¹'t.‘⁰.t2'ttt1
661 3619 1116 3744 0'0ii.’..1²..'2'5'³‘“⁶“'”¹¹⁹⁰‘'¹“

43 3722 46 3727 '
81 3733 90 3748 ι
131 3731 140 3746 ο
353 3733 359 3747 ι
406 3716 420 3746 Γ
564 3731 571 3744 ι
607 3720 642 3731 ·“
862 3722 871 3741 σ

91 3766 138 3815 14.
152 3752 254 3833 foelix]
278 3767 309 3820 a.
327 3765 412 3835 (seue
430 3767 473 3831 r.)
492 3765 572 3835 fact·
642 3766 687 3813 21.
708 3759 804 3831 ..atque
830 3757 916 3811 rusae
940 3758 1055 3825 nomine]
1083 3760 1115 3813 Α.

50 3832 89 3886 h's
109 3833 163 3887 tlt.
605 3833 744 3901 (superscr.
763 3847 821 3884 soc.
847 3829 932 3881 Iubae
952 3831 1033 3895 vivo.)
1056 3830 1115 3882 Pn.

20 3910 23 3921 '
91 3906 137 3957 lo.
155 3921 208 3954 uon
218 3902 382 3970 maiorm.
401 3904 569 3957 maioerR.
604 3902 703 3973 ubique
722 3902 862 3954 nontineb.
880 3901 904 3952 Ε
922 3901 1037 3966 margine
1053 3915 1116 3952 sane

51 3974 159 4039 (tamen
175 3973 261 4026 maior
278 3974 373 4026 Burer.
390 3975 488 4027 Moneo
505 3992 570 4043 pro·
602 3972 644 4026 hic
660 3974 761 4025 videtur
775 3974 899 4025 intmsum
915 3969 1000 4020 Iubae
1013 3985 1115 4037 nomen,

51 4050 115 4113 pter
133 4044 272 4108 Gladium,
292 4046 336 4111 qui
355 4044 420 4098 hanc
437 4048 497 4099 lect.
516 4047 571 4098 tri·
601 4045 675 4113 prins
693 4046 840 4113 appositum
858 4042 892 4093 ad
909 4057 935 4092 v.
952 4043 997 4092 23.
1016 4038 1115 4126 ubique

50 4113 112 4167 tuit
129 4112 182 4167 Et.
200 4115 282 4169 Baeii.
304 4119 391 4181 1546.)
600 4113 709 4167 vivebat
727 4114 831 4166 nontine
848 4111 960 4179 Lipsius.
979 4109 1111 4165 Heinsrtte.

86 4188 134 4238 Μ.
149 4183 349 4255 imperatorum,
363 4183 456 4249 alten]
466 4185 566 4239 thtt.
601 4178 709 4256 (ubique
727 4185 786 4235 iure
806 4199 840 4233 ac
854 4179 957 4235 nonum
973 4179 1066 4246 nuth.)

977 4439 1017 4554 p
