2536 4590
536 153 797 229 ...86-

149 351 216 414 tatis
233 361 333 413 morte
351 347 443 410 stetit.
466 343 520 409 sed
532 343 653 407 tribuni
668 342 817 423 sanguine
831 344 994 407 commissa
1004 339 1208 423 proscriptio,

150 452 309 516 Ciceronis
329 453 380 514 vel
396 449 506 512 satiato
522 447 660 510 Antonio
677 466 778 528 paene
794 444 892 508 finita.
932 445 1072 527 Lepidus
1091 444 1209 507 deinde

151 580 169 618 a
191 567 301 618 senatu
321 552 419 616 hostis
440 550 594 615 iudicatus
616 560 678 626 est,
699 559 735 608 ut
756 559 828 608 ante
851 549 953 609 fuerat
972 548 1146 609 Antonius.

119 668 135 716 1
236 655 338 715 LXV.
387 655 470 713 Tum
498 653 580 713 inter
606 671 677 711 eum
711 648 938 730 Caesaremque
972 661 1004 710 et
1032 650 1211 712 Antonium

152 756 335 822 commercia
358 755 560 836 epistolarum
584 763 614 812 et
637 749 856 813 condicionum
877 751 957 811 iacta
977 751 1115 828 mentio,
1137 771 1232 814 cume

152 859 308 922 Antonius
330 869 360 919 et
381 854 513 919 subinde
536 853 699 914 Caesarem
721 850 919 929 admoneret,
948 873 1044 934 quam
1064 852 1213 913 inimicae

152 961 213 1041 ipsi
229 958 437 1038 Pompeianae
458 968 562 1037 partes
584 956 690 1016 forent
712 953 797 1014 etin
818 952 988 1034 quodiam
1010 954 1214 1017 emersissent

153 1058 309 1138 fastigium
340 1071 370 1120 et
400 1070 518 1140 quanto
549 1056 707 1118 Ciceronis
737 1052 841 1117 studio
874 1057 990 1117 Brutus
1020 1055 1214 1139 Cassiusque

53 1151 56 1156 ⁸
154 1162 388 1237 attollerentur,
417 1159 677 1240 denuntiaretque
717 1175 750 1217 se
782 1178 853 1218 cum
890 1159 991 1221 Bruto
1026 1158 1214 1242 Cassioque,

156 1264 213 1346 qui
232 1263 295 1325 iam
315 1263 421 1325 decem
447 1274 476 1323 et
497 1273 615 1341 septem
637 1257 796 1336 legionum
821 1267 964 1340 potentes
995 1272 1103 1338 erant,
1133 1261 1249 1321 iun-10

157 1377 279 1425 cturum
294 1365 376 1426 vires
394 1384 484 1439 suas,
504 1364 530 1424 si
550 1361 665 1421 Caesar
682 1361 748 1422 eius
763 1375 982 1443 aspernaretur
1000 1360 1215 1441 concordiam,

157 1464 334 1544 diceretque
364 1465 435 1543 plus
466 1462 631 1523 Caesarem
661 1462 758 1541 patris
788 1483 883 1545 quam
914 1483 947 1524 se
978 1464 1069 1525 antici
1098 1463 1216 1525 ultioni

126 1565 283 1627 2debere.
305 1576 358 1627 tur
377 1564 455 1625 inita
475 1566 632 1644 potentiae
653 1565 781 1626 societas
810 1576 840 1625 et
862 1565 1060 1627 hortantibus
1091 1565 1217 1626 oranti·

159 1670 281 1753 busque
298 1665 486 1727 exercitibus
506 1666 588 1728 inter
603 1668 777 1728 Antonium
796 1669 889 1730 etiam
905 1681 936 1729 et
950 1666 1114 1729 Caesarem
1130 1669 1216 1729 facta

160 1768 319 1845 adfinitas,
352 1789 423 1829 cum
453 1780 533 1831 esset
563 1769 706 1849 privigna
735 1769 854 1830 Antoni
887 1768 1042 1850 desponsa
1073 1769 1249 1833 cesserim

161 1873 418 1952 consulatumque
439 1872 510 1932 iniit
531 1870 645 1931 Caesar
665 1869 766 1950 pridie
788 1891 882 1951 quam
902 1871 1013 1950 vigtnti
1031 1891 1132 1933 annos
1153 1872 1216 1933 im·

160 1974 258 2051 pleret
283 1993 315 2036 x.
344 1973 416 2033 Kal.
447 1970 598 2035 Octobres
621 1993 691 2033 cum
712 1974 861 2054 collegaq.
888 1971 985 2036 Pedio
1005 1984 1079 2053 post
1099 1976 1217 2036 urbem

162 2070 318 2134 conditam
335 2074 448 2133 abhinc
470 2075 560 2133 annis
581 2074 736 2150 Aecum„
759 2087 830 2136 ante
852 2095 967 2149 ιω,
992 2096 1087 2157 quam
1106 2088 1154 2152 tu,
1168 2078 1217 2139 Μ.

129 2186 146 2238 3
161 2174 282 2250 Vinici,
302 2176 497 2237 consulatum
517 2176 623 2238 inires.
667 2175 756 2237 Vidit
772 2178 823 2237 hic
837 2198 938 2238 annus
952 2177 1135 2239 Ventidium
1155 2199 1216 2259 per

161 2388 244 2453 erat,
260 2376 294 2437 in
324 2398 361 2437 ea
385 2380 581 2439 consularem
612 2393 805 2460 praetextam
832 2381 1012 2460 iungentem
1041 2381 1216 2462 praetoria.

160 2480 247 2541 ldem
270 2481 321 2540 hic
344 2492 453 2560 postea
474 2482 689 2561 triumphavit.

130 2602 144 2651 l
245 2581 360 2644 LXVl.
411 2583 547 2645 Furente
577 2582 688 2645 deinde
722 2583 861 2646 Antonio
895 2583 1049 2667 simulque
1079 2580 1217 2665 Lepido,

162 2703 299 2765 quorum
329 2696 479 2767 uterque,
504 2698 540 2747 ut
560 2686 789 2766 praediximus,
822 2689 928 2749 hostes
958 2684 1087 2747 iudicati
1113 2699 1218 2765 erant,

162 2807 233 2846 cum
257 2790 349 2850 ambo
371 2789 499 2850 mallent
519 2790 580 2851 sibi
600 2772 758 2866 nuntiari,
780 2788 857 2872 quid
872 2790 957 2870 passi
978 2800 1095 2864 essent,
1116 2808 1256 2871 quantas

232 2907 258 2956 2.
277 2906 348 2956 velut
384 2909 425 2956 12.
443 2905 617 2974 adiceretque
661 2912 703 2961 ts.
722 2907 826 2960 debere.
851 2906 936 2972 Igitur
979 2908 1024 2961 tt.
1049 2904 1155 2972 collega
1180 2907 1217 2963 Q·

162 2971 246 3024 Pedio
282 2978 325 3026 18.
344 2991 425 3027 anuos
463 2982 504 3030 ts.
523 2994 646 3031 occvutt.
683 2983 727 3032 25.
743 2978 806 3045 quid
823 2980 969 3046 patrassent

197 3081 224 3129 2.
240 3080 335 3147 paens]
360 3082 392 3135 Α.
414 3097 502 3148 poena
519 3083 569 3135 Pb.
594 3082 670 3134 velut
742 3087 784 3136 ts.
804 3082 862 3149 tur]
880 3083 935 3134 ΑΡ.
953 3079 1047 3150 Igitur
1063 3078 1217 3138 ubuum

162 3147 266 3198 satiato
283 3149 404 3202 Antonio
417 3168 518 3217 poeno,
531 3153 619 3218 finita
635 3169 669 3205 ex
705 3154 757 3206 bR.
788 3156 855 3204 Tum
873 3153 966 3206 Burer.
984 3150 1125 3218 Bipotttini.

163 3222 237 3281 parte
256 3233 314 3269 cum
333 3221 451 3271 Putesno
469 3222 503 3272 R.
523 3223 576 3272 Sed
594 3239 670 3287 prae·
741 3228 784 3278 rt.
804 3222 869 3274 colle
888 3240 931 3293 aq.
948 3221 1042 3288 Pedio]
1062 3224 1094 3277 Δ.
1110 3219 1217 3295 mllago

162 3293 214 3337 stat
230 3303 328 3353 paene,
349 3296 375 3341 et
392 3290 426 3342 ad
440 3305 463 3344 v.
480 3290 583 3342 satiato
595 3291 669 3344 lucil·
703 3295 735 3362 Q.
755 3293 838 3344 Pedio
850 3242 925 3347 Plu.

163 3357 222 3407 ltme
241 3372 274 3408 ex
294 3374 317 3413 v.
340 3360 473 3430 sanguine
500 3360 540 3413 bic
565 3378 668 3428 quoque
741 3368 784 3418 18.
810 3363 900 3431 annis]
928 3362 1026 3416 artu.
1060 3378 1146 3415 annos
1181 3364 1216 3419 0.

162 3427 231 3480 idem
250 3430 401 3481 vocabulum
418 3433 560 3499 suppletur.
704 3433 808 3486 Omittit
826 3433 923 3484 abhinc
942 3434 968 3486 b.

196 3504 222 3552 b.
240 3497 325 3567 iacta]
348 3502 446 3554 APbR.
466 3502 552 3572 sacta
575 3504 668 3559 Burer.
741 3509 783 3557 ts.
808 3504 961 3570 scortata]
988 3503 1042 3557 ΔΡ.
1070 3518 1218 3556 nccrrrrr.

196 3575 222 3621 6.
241 3579 269 3619 et
285 3570 396 3622 subinde
421 3575 559 3625 Caesarem
576 3575 669 3625 admo·
705 3575 1020 3628 bR.Luureot.Dccx1.
1040 3574 1116 3627 Varr.

69 3629 78 3636 ’
161 3644 250 3704 neret,
268 3644 358 3710 quom]
373 3644 470 3698 nebu.
484 3643 594 3695 subinde
603 3648 668 3696 Coe·
741 3667 784 3716 19·
803 3666 843 3716 M⁸
862 3662 1028 3728 Ventidium]
1047 3662 1079 3715 Α,
1097 3677 1115 3714 s
1131 3660 1219 3729 prims

159 3711 424 3832 pplrenkodmoneret,
438 3723 465 3764 et
480 3717 668 3785 quomBlpon-
704 3749 796 3798 mmm
812 3733 857 3785 sed
875 3735 915 3785 M·
933 3739 1099 3800 expunctum·

198 3799 214 3834 t.
259 3798 343 3834 rause.
748 3797 751 3802 ·

197 3855 239 3904 ts.
251 3852 410 3922 diceretque]
420 3853 518 3906 APbR.
527 3856 668 3907 adiiceret·
739 3817 1155 3889 21praetoria]AP,I„4320„·00
1161 3818 1217 3873 bR.

118 3929 122 3937 '
160 3937 211 3987 que
231 3922 359 3976 Herelius.
397 3924 456 3979 Hoc
482 3942 532 3992 que
558 3943 668 3995 respon-
740 3913 784 3960 ²5·
803 3909 873 3974 cum]
885 3910 941 3961 AR·
954 3926 1033 3978 91‘0m
1043 3910 1075 3961 Ρ·
1096 3926 1180 3978 quum
1189 3910 1216 3963 b·

160 3987 205 4040 det
222 4007 244 4042 v.
264 3984 290 4042 iet
309 4002 368 4046 ante
387 4010 410 4046 v.
430 3992 547 4046 subinde.
737 4000 781 4048 25.
803 3995 881 4064 passi
909 3997 1008 4062 essent]
1036 3997 1135 4048 APbR.
1160 4013 1216 4063 pa-

197 4063 239 4111 12.
257 4062 364 4131 ultioni]
386 4068 415 4116 Δ.
445 4066 557 4131 aprima
583 4082 667 4120 maort.
702 4075 822 4118 trement
849 4067 988 4135 Sanppius.
1011 4075 1122 4135 possent
1156 4066 1216 4123 He·

158 4129 209 4182 bR.
231 4129 330 4182 ultione
353 4139 383 4190 A.
403 4153 418 4188 a
437 4151 488 4189 sec.
509 4151 540 4189 tlt.
561 4137 590 4191 Ρ.
703 4137 790 4189 retius.
