2536 4590
522 203 785 279 ...68-

131 399 205 462 Non
241 409 409 458 carnerunt
439 391 614 476 suspicione
649 390 791 474 oppressi
822 391 981 469 Ciceronis
1014 394 1131 457 Caesar
1162 408 1195 458 et

131 503 310 583 Pompeius.
353 498 423 560 Hoc
445 496 505 559 sibi
528 495 717 557 contraxisse
745 495 910 559 videbatur
942 497 1072 575 Cicero,
1104 496 1194 579 quod

131 602 215 663 inter
252 600 393 662 xx.viros
430 596 566 662 videndo
604 618 678 675 agro
728 595 889 679 Campano
925 619 992 661 esse
1024 598 1194 665 noluisset.

98 702 218 783 aldem
248 703 331 764 intra
362 700 525 763 biennium
559 719 628 759 sera
663 697 721 760 Cn.
742 701 874 782 Pompei
905 723 996 779 cura,
1024 722 1138 765 verum
1163 714 1194 763 et

132 808 217 888 cupit
239 806 365 867 interita
388 803 531 885 votisque
552 800 659 861 Italiae
683 823 718 862 ac
743 799 872 864 decretis
901 817 1043 880 senatus,
1069 804 1211 866 virtutes

132 922 226 991 atque
248 909 369 968 actione
390 907 475 967 Anni
496 905 625 965 Milonis
647 903 714 966 TR.
741 903 805 967 PL.
839 905 979 983 dignitati
1003 906 1194 987 patriaeque

131 1011 291 1070 restitutus
314 1021 368 1070 est.
411 1007 523 1089 Neque
545 1018 619 1086 post
639 1005 798 1068 Numidici
819 1009 948 1069 exilium
975 1019 1029 1070 aut
1050 1007 1193 1071 reditum

84 1120 103 1167 ι
131 1114 297 1194 quisquam
319 1122 373 1171 aut
394 1111 543 1190 expulsus
564 1108 749 1171 invidiosius
771 1122 825 1170 aut
844 1122 987 1191 receptus
1009 1121 1055 1170 est
1063 1110 1192 1174 laetius.

130 1216 217 1276 cuius
240 1213 351 1276 domus
377 1233 471 1296 quam
491 1212 602 1273 infeste
620 1235 639 1273 a
660 1209 771 1273 Clodio
795 1211 920 1274 disiecta
940 1225 1015 1290 erut,
1030 1223 1096 1274 tam
1116 1232 1191 1292 spe·

97 1318 211 1382 tolose
234 1336 253 1375 a
277 1327 386 1377 senatu
408 1315 552 1376 restituta
573 1327 629 1374 est.
683 1312 769 1373 Idem
797 1313 834 1376 P.
856 1312 983 1376 Clodius
1011 1315 1046 1375 in
1075 1328 1187 1377 senatu
1199 1335 1224 1373 ιο

129 1422 187 1480 sub
214 1416 526 1478 honorificentissimo
558 1415 725 1476 ministerii
745 1415 838 1478 titulo
859 1417 907 1478 Μ.
921 1416 1072 1479 Catonem
1086 1440 1105 1478 a
1117 1439 1189 1500 rep.

129 1519 286 1599 relegavit.
317 1517 433 1599 quippe
456 1518 556 1595 legem
584 1518 676 1595 tulit,
707 1530 744 1578 ut
774 1518 801 1578 is
832 1531 979 1602 quaestor
993 1548 994 1551 ¹
1009 1542 1082 1582 cum
1115 1521 1190 1583 iurc

127 1621 288 1703 praetorio
311 1617 430 1681 adiecto
457 1620 550 1680 etiam
583 1634 732 1703 quaestor
763 1622 956 1684 emitteretur
986 1623 1021 1683 in
1049 1623 1189 1687 insulam

129 1722 271 1806 Cyprum
296 1721 335 1785 ad
356 1721 554 1805 spoliandum
574 1744 671 1803 regno
703 1723 917 1785 Ptolemaeum
939 1725 1085 1786 omnibus
1114 1747 1186 1790 mo-

96 1836 199 1890 brum
222 1828 305 1892 uitiis
329 1849 397 1888 eam
425 1827 645 1890 contumeliam
672 1826 831 1888 meritum.
875 1824 929 1887 sed
956 1826 1008 1887 ille
1036 1827 1095 1888 sub
1128 1826 1219 1896 ad-rs

126 1943 255 1994 ventum
284 1928 411 1991 Catonis
439 1930 522 1990 vitae
555 1949 628 1989 suae
658 1928 723 1991 vim
755 1929 875 2005 intulit;
905 1926 989 1989 unde
1016 1929 1186 2008 pecuniam

125 2031 217 2111 longe
246 2044 368 2113 sperata
390 2032 541 2092 maiorem
563 2028 641 2091 Cato
669 2028 803 2091 Romam
823 2032 959 2092 rettulit:
988 2031 1075 2090 cuius
1101 2030 1186 2092 inte-

125 2135 267 2211 gritatem
286 2116 409 2195 laudari
429 2133 517 2194 nefas
540 2142 606 2205 est,
633 2131 800 2192 insolentia
823 2153 923 2211 paene
953 2131 1041 2210 argui
1070 2144 1185 2212 potest,

125 2235 211 2318 quod
235 2256 391 2296 unacum
424 2234 536 2300 COSS.
562 2257 597 2296 ac
621 2245 731 2296 senatu
759 2233 859 2296 effusa
889 2233 1012 2297 civitate
1043 2233 1182 2311 obviam,

126 2359 197 2398 cum
218 2358 276 2417 per
296 2337 438 2397 Tiberim
459 2339 579 2399 subiret
599 2337 755 2414 navibus,
786 2357 853 2399 non
882 2347 951 2396 ante
980 2335 1007 2395 is
1038 2353 1216 2414 egressusso

124 2450 187 2516 est,
211 2458 305 2518 quam
333 2437 373 2499 ad
397 2459 469 2500 eum
496 2441 601 2500 locum
627 2439 794 2520 pervenite
815 2439 871 2501 ubi
898 2450 965 2500 erat
992 2438 1183 2520 exponenda

121 2560 264 2619 pecunia.

88 2677 103 2726 l
203 2656 320 2717 XLVI.
365 2655 445 2719 Cum
469 2655 582 2719 deinde
601 2655 736 2719 inmanis
763 2678 813 2720 res
833 2657 888 2721 rix
914 2656 1020 2721 multis
1041 2658 1180 2721 volumi-

119 2759 213 2821 nibus
237 2758 436 2840 explicandas
460 2759 495 2824 G.
520 2760 634 2822 Caesar
654 2761 689 2821 in
712 2761 813 2821 Gallia
842 2772 944 2839 ageret
965 2781 1022 2820 nec
1043 2772 1176 2822 conten-

117 2873 169 2922 tus
197 2862 340 2940 plurimis
373 2885 408 2925 ac
442 2863 625 2926 felicissimis
657 2864 796 2926 victoriis
828 2862 1212 2945 innumerabilibusquers

117 2963 213 3024 caesis
237 2975 266 3023 et
288 2966 384 3044 captis
407 2967 543 3028 hostium
565 2967 692 3029 milibus
715 2966 809 3027 etiam
836 2962 868 3023 in
891 2963 1087 3024 Britanniam
1107 2976 1176 3026 tra-

114 3065 236 3126 iecisset
258 3066 446 3148 exercitum,
476 3054 608 3130 alterum
631 3089 731 3150 paene
760 3065 894 3146 imperio
922 3076 1030 3126 nostro
1052 3085 1087 3126 ac
1112 3085 1172 3132 suo

185 3252 210 3301 3.
230 3248 369 3300 dividendo
405 3253 431 3301 4.
449 3265 555 3314 verum,
572 3256 601 3303 ut
623 3249 728 3317 coepit,
745 3248 845 3300 intenta
892 3250 934 3299 10.
952 3249 985 3303 P.
1004 3247 1112 3303 Clodius
1129 3249 1174 3302 lu·

114 3318 186 3371 sunia
203 3325 277 3372 actus
294 3320 342 3371 sub
379 3323 423 3373 18.
442 3328 579 3386 quaestore
597 3322 744 3373 mitteretur
780 3322 824 3372 10.
842 3316 911 3370 haud
926 3319 1024 3372 laudari
1058 3322 1104 3374 20.
1117 3319 1172 3388 (iis)

121 3522 126 3543 ,
147 3478 314 3547 aristeneto]
339 3481 370 3533 Α.
389 3478 530 3532 dividendo
546 3482 622 3535 Pbu.
660 3479 721 3531 dari
737 3478 842 3535 Robur.
876 3479 1012 3546 (Argutam
1033 3479 1089 3534 soil.
1106 3494 1173 3533 sett-

147 3571 174 3621 5.
192 3577 220 3619 er
239 3569 325 3637 cupit]
345 3569 399 3620 Ap,
415 3577 447 3619 ut
462 3568 547 3638 0001,st
568 3570 621 3622 hp,
659 3552 780 3614 tentiam,
796 3551 913 3602 iniurium
925 3551 998 3616 quusi
1012 3550 1100 3602 inferri
1115 3550 1170 3603 Ca·

145 3658 172 3708 ⁶·
190 3653 313 3722 νη]
539 3657 622 3725 u-
658 3620 1168 3759 tu:statumaurus

109 3723 224 3821 1111111111·
249 3727 284 3777 R·
311 3725 448 3798 (interrita
469 3726 506 3791 P)
583 3812 588 3824 ,
656 3763 742 3813 inesse
760 3761 872 3812 debebat
890 3776 938 3814 uec
957 3763 1009 3814 ullo
1025 3763 1167 3829 praeconio

146 3816 189 3890 ¹.⁰·
208 3829 237 3861 m
254 3810 363 3878 senatu]
376 3810 447 3890 thb·
466 3811 506 3878 (ll
517 3813 562 3878 R·)
577 3830 621 3863 111·
656 3832 801 3899 iudigebat‚
819 3833 859 3882 vel
877 3832 1040 3897 Paterculus,
1058 3837 1087 3885 ut
1105 3833 1167 3901 opl-

107 3895 197 3962 wttw·
211 3890 291 3933 actu&
318 3882 351 3934 0·
378 3881 483 3946 (11111111
518 3891 616 3934 1111111111
653 3916 720 3967 nor,
739 3903 885 3968 mitigasset
901 3917 925 3954 v.
941 3903 1043 3970 prope.)

106 3947 248 4017 Herelius.)
398 3980 407 4031 '.
687 3976 731 4024 20.
757 3971 792 4038 is]
820 3973 876 4025 ΑΡ.
902 3973 1007 4039 antiqua
1034 3972 1163 4039 scriptura

142 4022 186 4069 13.
204 4030 331 4102 quaestor
356 4020 535 4087 emitteretur]
560 4024 616 4074 ΑΡ·
651 4057 699 4109 pro
719 4041 768 4107 iis,
792 4047 822 4092 ut
845 4040 980 4095 ediderunt
1008 4042 1098 4096 Aldus.
1126 4042 1162 4097 lt.

106 4096 249 4159 quaestore
268 4099 421 4142 rmtteretur
438 4089 491 4143 bR.
651 4111 695 4162 Μ,
713 4111 739 4165 b,

35 4258 42 4267 .
140 4179 185 4230 18.
203 4173 324 4244 laudan]
342 4178 440 4233 urolt.
458 4175 536 4230 houd
553 4176 618 4230 lou-
686 4144 1162 4251 metcoptisJABbllmccoptt‘sP.
1258 4216 1262 4251 ,-
