2536 4590
502 150 765 227 ..42-

113 371 284 441 paverunt,
305 356 360 422 sed
380 358 469 441 prior
487 355 644 438 ingressus
669 355 771 423 Cinna
796 358 835 423 ds
858 360 1040 447 recipiendo
1061 363 1163 430 Mario

112 461 212 541 legem
232 462 315 523 tulit.

81 577 97 627 1
198 563 305 624 XXII.
347 563 428 625 Mox
448 560 484 622 C.
505 560 625 622 Marius
646 554 796 642 pestifero
819 563 939 628 civibus
967 566 1032 628 suis
1063 567 1164 631 reditu

112 662 243 727 intravit
260 665 394 726 moenia.
434 662 523 724 Nihil
544 663 599 723 illa
618 662 750 725 victoria
778 666 887 730 fuisset
909 669 1084 747 crudelius,
1108 670 1165 732 nisi

79 783 189 836 2mox
210 764 339 828 Sullana
360 776 439 826 esset
463 777 585 843 secuta3
619 786 723 847 neque
755 768 880 830 licentia
912 769 1089 850 gladiorum
1107 774 1180 834 itu-s

111 864 262 928 mediocri
283 868 452 943 saevitum,
483 864 539 927 sed
561 867 786 929 excelsissimae
809 890 938 953 quoque
974 884 1069 954 atqua
1091 875 1166 937 emi·

111 970 311 1031 nentissimae
354 968 485 1030 civitatis
517 967 579 1030 viri
611 968 705 1030 rufis
738 971 963 1050 suppliciorum
999 976 1166 1052 generibus

112 1068 235 1133 adfecti.
259 1071 354 1132 iniis
376 1067 465 1134 COS.
493 1067 659 1147 Octavius,
682 1071 733 1134 vir
763 1073 913 1134 lenissimi
936 1075 1049 1152 animi,
1079 1076 1166 1139 iussu

112 1173 231 1235 Cinnae
261 1169 443 1236 interiectus
474 1186 530 1234 est.
581 1173 706 1233 Merula
740 1187 862 1252 autem,
885 1176 941 1257 qui
971 1196 1004 1236 ss
1028 1179 1090 1238 sub
1114 1177 1168 1240 sd-

110 1288 240 1343 ventum
262 1276 381 1338 Cinnae
404 1272 493 1339 COS.
516 1273 725 1351 abdicaverat,
746 1276 852 1338 incisis
870 1278 958 1340 venis
981 1279 1196 1358 superfuso-u

111 1400 173 1461 que
193 1379 341 1440 altaribus
363 1376 528 1454 sanguine,
555 1368 750 1464 quosflsaepe
771 1398 830 1457 pro
852 1379 950 1440 salute
960 1380 1040 1460 reip.
1052 1378 1168 1445 flamen
1202 1432 1206 1439 .

110 1479 200 1542 dialis
229 1492 372 1561 precatus
403 1490 470 1538 erat
504 1477 597 1553 deos,
628 1499 680 1540 eos
715 1480 750 1538 in
784 1476 1014 1542 execrationem
1047 1480 1168 1545 Cinnae

109 1582 311 1664 partiumque
330 1581 396 1641 eius
409 1593 477 1641 tum
497 1590 642 1660 precatus
664 1581 779 1659 optime
802 1579 841 1642 de
855 1603 923 1662 rep.
942 1583 1092 1645 meritum
1104 1585 1169 1666 spi-

77 1685 205 1754 sritum
228 1680 374 1744 reddidit.
399 1678 462 1746 M.
484 1682 659 1759 Antonius,
678 1681 823 1762 princeps
843 1685 974 1747 civitatis
989 1699 1083 1769 atque
1101 1687 1169 1748 elo·

111 1786 277 1871 quentiae,
299 1784 407 1864 gladiis
427 1784 576 1862 militurn,
603 1804 682 1866 quos
708 1786 792 1865 ipsos
814 1785 960 1848 facundia
982 1807 1039 1848 sua
1060 1807 1200 1853 mora-ts

77 1901 159 1956 stus
180 1900 262 1962 erat,
283 1889 371 1949 iussu
391 1888 475 1946 Mari
505 1885 687 1967 Cinnaeque
712 1888 875 1949 confossus
897 1901 953 1951 est.
1008 1887 1048 1965 Q.
1070 1889 1168 1953 Catu.

108 1991 158 2051 lus
181 2001 212 2049 et
233 1989 364 2050 aliarum
384 1987 538 2048 virtutum
561 2000 591 2047 et
611 1988 687 2050 belli
710 1986 858 2050 Cimbrici
876 1993 990 2069 gloria,
1012 2014 1096 2075 quae
1121 1993 1168 2055 illi

110 2112 181 2153 cum
201 2089 306 2151 Mario
327 2089 500 2151 communis
521 2090 639 2166 fuerat,
664 2091 902 2169 celeberrimus,
925 2114 997 2155 cum
1018 2092 1058 2155 ad
1079 2116 1167 2159 mor·

108 2206 171 2256 tem
188 2195 440 2275 conquireretur,
463 2188 621 2254 conclusit
634 2212 667 2253 se
688 2194 759 2255 loco
781 2214 884 2275 nuper
914 2197 996 2256 calce
1028 2197 1167 2258 harena·

109 2318 170 2380 qus
196 2297 355 2376 perpolito
385 2296 546 2376 inlatoque
575 2295 656 2373 igni,
689 2297 744 2377 qui
772 2296 836 2359 vim
867 2295 972 2358 odoris
1005 2298 1201 2379 excitaretis

109 2399 202 2460 simul
226 2397 344 2459 exitiali
369 2398 482 2459 hausto
516 2395 642 2476 spiritu,
672 2398 765 2459 simul
793 2399 915 2460 incluso
945 2419 1002 2460 suo
1030 2415 1169 2465 mortem

75 2502 205 2579 imagis
225 2511 300 2562 voto
323 2518 417 2580 quam
438 2499 568 2559 arbitrio
589 2498 789 2560 inimicorum
808 2501 895 2561 obiit.
938 2498 1053 2565 Omnia
1076 2517 1168 2566 erant

106 2601 290 2683 praecipitia
309 2600 344 2660 in
364 2620 431 2680 rep.
451 2621 509 2662 nec
531 2613 637 2661 tamen
665 2600 767 2663 adbuc
790 2603 955 2685 quisquam
982 2603 1169 2668 invenieba-

107 2717 177 2781 tur,
200 2705 255 2787 qui
276 2705 361 2764 bona
383 2700 457 2766 civis
478 2702 614 2764 Romani
642 2716 696 2765 aut
716 2703 835 2766 donare
859 2703 987 2767 auderet
1019 2700 1075 2765 aut
1108 2730 1168 2789 pe.

106 2820 173 2870 tere
196 2807 373 2868 sustineret.
415 2806 528 2867 Postea
556 2806 590 2868 id
619 2827 746 2889 quoque
774 2810 917 2882 accessit,
951 2818 987 2866 ut
1016 2808 1201 2877 saevitiaoss

108 2928 232 2970 causam
256 2907 386 2970 avaritia
406 2910 570 2988 praeberet
601 2921 631 2969 et
663 2907 776 2971 modus
808 2912 916 2991 culpae
943 2928 984 2968 ex
1012 2912 1167 2989 pecuniae

106 3008 201 3072 modo
221 3009 462 3071 constitueretur
475 3022 504 3070 et
519 3009 576 3092 qui
592 3011 702 3073 fuisset
717 3014 874 3094 locuples,
895 3012 985 3073 fieret
1002 3011 1167 3093 innocens,

106 3112 157 3173 sui
180 3111 313 3193 quisque
334 3111 466 3190 periculi
487 3132 605 3173 memes
628 3115 728 3193 foret,
750 3135 807 3175 nec
823 3114 991 3196 quicquam
1003 3111 1167 3180 videretur

105 3226 215 3294 turpe,
240 3211 327 3295 qnod
347 3227 427 3275 esset
449 3226 684 3295 quaestuosum.

178 3337 204 3386 6.
221 3332 248 3384 in
266 3332 404 3385 mediocris
439 3335 464 3383 6.
483 3333 653 3386 excoluerint
669 3331 766 3399 quique
783 3333 862 3395 atque
887 3329 1082 3385 eminentissimi
1120 3336 1166 3389 to.

107 3405 243 3458 consulatu
278 3404 323 3455 22.
341 3403 424 3467 magis
442 3417 490 3454 suo
508 3410 569 3455 voto
604 3408 646 3457 27.
667 3417 763 3455 nocens
798 3403 844 3451 28.
863 3400 956 3466 suique

142 3513 169 3562 ὁ.
192 3506 345 3579 gladiorum
377 3505 456 3558 habet
489 3509 537 3572 A„
569 3509 620 3561 etsi
655 3505 754 3588 quique
768 3506 1166 3576 ciqueeminentissimili.ex-

79 3581 90 3599 “
105 3579 232 3633 Buterius
251 3580 337 3631 locum
355 3578 394 3630 sic
419 3577 546 3629 afferens:
571 3594 619 3628 ne·
655 3574 794 3627 celsissimi
800 3575 897 3646 quique
908 3576 1130 3627 eminentissimae
1138 3581 1165 3635 b,

107 3644 158 3700 ‘ue
175 3649 285 3699 licentia
308 3646 468 3698 immediocri
484 3646 618 3698 saevitum
691 3651 734 3700 10.
753 3645 835 3712 0οι9.]
860 3647 915 3699 ΑΡ.
941 3647 1084 3698 consulatu
1110 3647 1164 3703 bR.

106 3669 133 3770 in
151 3735 230 3771 causa
246 3717 473 3782 luit,cur1unta,
491 3718 618 3769 Gelenius
688 3720 733 3768 22.
752 3717 838 3784 magis
856 3717 929 3784 voto]
949 3719 1047 3771 APbR.
1076 3721 1164 3787 magis

105 3791 202 3855 aliique
229 3805 253 3842 v.
279 3788 433 3856 gladiorum
458 3789 616 3841 omitterent.
652 3805 701 3838 suo
718 3794 777 3837 voto
795 3787 927 3841 Heinsius.
944 3790 1164 3857 Absotptunrauo

141 3865 167 3912 6.
185 3856 354 3922 immediocn]
374 3858 406 3908 B.
431 3856 471 3920 (in
494 3857 618 3909 mediocri
652 3857 768 3909 alitos
793 3875 836 3912 uc.

106 3931 149 3992 Α.)
166 3928 196 3979 in
211 3926 419 3980 mediocreist.
438 3924 466 3978 in
481 3927 617 3978 mediocris
686 3931 731 3978 27.
749 3926 884 3995 innocens]
911 3931 964 3982 ΑΡ.
994 3946 1088 3979 nocens
1108 3929 1162 3984 bR.

106 3997 246 4052 Acidniius.
265 3998 300 4051 R.
687 4002 732 4049 28.
752 3998 1163 4068 sui]APbR.suiqueAcidalins.

141 4071 168 4119 6.
186 4066 380 4118 excelsissimos
404 4080 508 4138 quoque
534 4073 616 4134 atque
686 4073 730 4123 28.
743 4068 833 4138 foret]
848 4070 1004 4122 Rultultsnio
1013 4076 1163 4138 suspectum

106 4135 339 4205 ernineueissimoa]
368 4139 422 4192 ΑΡ.
446 4133 617 4188 excelsissimi
652 4138 702 4195 del.
722 4140 837 4193 Clodius.
868 4141 954 4194 Habet
973 4143 1004 4195 A.
