2536 4590
412 221 782 276 ·-xl11--

184 399 225 491 2)
249 423 327 494 pag.
350 401 408 470 30.
444 396 481 465 in
515 419 620 490 marg.
658 388 752 466 ol's*
792 399 1097 490 destituerit,
1136 399 1210 471 nisi

81 529 198 620 paulo
217 541 305 599 onte
330 530 419 600 velis
445 528 567 619 legere
598 523 891 622 obtinebant]
931 525 1042 598 Turic.
1079 543 1209 599 utrum-

86 680 160 752 que.
191 653 308 726 Meier.
332 653 466 728 Absunt
489 652 571 726 haec
598 679 620 754 a
640 648 740 724 Basil.

185 843 224 934 3)
246 866 322 939 pag.
347 837 406 911 40.
437 868 464 911 v.
488 840 520 911 7.
549 835 591 909 ah
617 835 685 908 ima
717 863 794 935 pag.
828 862 875 908 oe
901 836 1061 936 deflere]
1097 837 1208 912 Turic.

86 984 271 1069 utrumque.
294 969 409 1042 Meier.
436 996 503 1041 uec
530 969 667 1064 deflere
691 965 792 1039 Basil.
891 967 895 971 ’

160 1150 225 1247 ’4)
253 1178 329 1265 pag.
355 1150 414 1223 45.
449 1180 477 1223 v.
501 1151 534 1224 8.
564 1150 692 1249 fuste]
720 1149 833 1222 Turio.
867 1165 1054 1250 utrumque.
1091 1151 1206 1239 Meien

79 1284 182 1373 susti
200 1279 301 1353 Basil.
780 1276 785 1293 ¹
857 1323 859 1328 ·

10 1433 12 1443 ‚
116 1551 118 1554 y
186 1466 226 1563 5)
258 1434 334 1563 pag.
361 1463 418 1536 68.
453 1489 557 1559 marg.
592 1490 619 1533 v.
649 1463 682 1534 9.
728 1466 878 1537 Tacitus
916 1465 1208 1564 Rhescuporim]

84 1594 200 1666 Turio.
224 1611 413 1694 utrumque.
439 1591 554 1665 Meier.
585 1594 735 1666 Tacitus
753 1597 997 1690 Rescuporim
1021 1592 1122 1665 Basil.

186 1779 226 1874 6)
245 1779 286 1848 ln
308 1775 444 1848 Burerii
470 1772 667 1872 Appendice
693 1773 808 1845 critica
832 1801 909 1872 pag.
930 1774 961 1846 1.
984 1805 1012 1846 v.
1032 1774 1068 1851 4.
1094 1803 1207 1850 erra-

87 1906 260 2004 tululum]
288 1906 401 1978 Turic.
423 1924 519 1978 xxvl.
546 1906 604 1978 36.
638 1901 764 1976 Meier..
785 1907 991 1976 errotulum
1025 1905 1136 1988 Turio.
1167 1908 1198 1979 R

82 2036 142 2107 81.
165 2034 265 2107 Basil.

185 2240 297 2336 Ergo,
322 2239 370 2311 uti
394 2242 567 2338 cognitum
591 2267 681 2313 nunc
706 2236 888 2325 habemus,
915 2236 996 2308 dum
1014 2237 1209 2338 exprimun-

84 2385 138 2438 tur
181 2368 332 2466 singulae
373 2368 547 2469 plagulae,
582 2369 619 2442 in
649 2367 791 2440 dimidia
832 2367 974 2439 sortasse
1016 2385 1074 2440 aut
1112 2369 1209 2441 tertia

84 2496 311 2596 exemplorum
331 2517 427 2598 parte
452 2498 635 2588 nonnulla,
665 2516 697 2571 ct
720 2498 924 2598 paucissima
955 2495 1110 2595 quidem,
1135 2498 1207 2571 cdi-

82 2627 164 2698 toris
191 2626 283 2700 iussu
306 2646 433 2701 mutata
457 2647 543 2702 sunt.
596 2629 702 2725 Quod
734 2630 762 2702 si
789 2646 904 2729 postea
929 2625 1044 2727 plures
1080 2629 1208 2703 discre-

80 2756 214 2856 pantias
244 2756 328 2830 alius
351 2759 440 2831 inter
461 2758 527 2831 alia
547 2757 716 2831 Editionis
735 2757 900 2858 principis
918 2757 1068 2856 exempla
1087 2784 1208 2859 reppe-

81 2886 181 2976 rerit,
207 2887 304 2960 isne
332 2915 385 2961 me
411 2887 635 2986 negligentiae
658 2885 830 2960 insimulet
852 2874 983 2977 caveat,
1009 2914 1124 2960 verum
1150 2917 1207 2963 co-

84 3014 165 3111 gitet
185 3017 346 3116 perfacile
371 3015 445 3088 lieri
470 2990 593 3117 posse,
627 3034 665 3089 ut
698 3015 734 3087 in
768 3015 842 3089 aliis
875 3034 1009 3116 praeter
1049 3036 1208 3119 quattuor

82 3143 139 3217 illa
165 3175 184 3218 a
210 3175 263 3220 me
290 3147 409 3222 collata
435 3148 518 3223 aliae
540 3148 645 3222 insint
668 3147 910 3236 correctiones3
932 3175 995 3221 nec
1015 3165 1127 3222 tamen
1146 3150 1207 3223 ad-

82 3275 221 3350 modum
247 3277 447 3351 verisimile
472 3297 522 3352 est
545 3307 601 3353 eas
626 3277 732 3352 multo
764 3277 950 3351 crebriores
987 3297 1045 3352 aut
1070 3263 1208 3353 maioris

80 3434 152 3480 esse
177 3409 338 3481 momenti
364 3437 466 3509 quam
493 3438 577 3510 quas
604 3436 667 3507 ego
693 3390 922 3481 animadverti.
984 3410 1068 3483 Cum
1095 3429 1207 3483 autern

78 3535 234 3635 plagulae
261 3557 429 3613 correctae
451 3540 545 3613 vario
570 3539 673 3612 modo
700 3568 777 3613 cum
814 3538 931 3617 ceteris
964 3539 1207 3637 permisceren·
1250 3597 1263 3618 t

78 3665 244 3754 tur,s1eri
271 3669 403 3758 debuit,
428 3687 466 3742 ut
492 3671 539 3743 ita
573 3671 765 3756 variarent,
792 3665 1079 3767 quemadmodum
1112 3670 1206 3744 vides

77 3823 117 3867 ex
136 3796 252 3871 tabula
275 3801 467 3899 proposita:
495 3828 571 3872 cunr
595 3797 720 3871 scilicet
743 3824 800 3870 sex
825 3796 908 3871 locis
933 3798 1021 3887 inter
1047 3827 1082 3872 se
1103 3800 1205 3873 diffe-

77 3943 155 3998 rant
180 3928 292 4000 Turic.
316 3947 412 4001 xxvt.
440 3932 498 4001 36.
525 3944 557 4001 ct
576 3927 695 4018 Basil,
724 3928 812 4001 inter
837 3946 1017 4029 utrumque
1044 3929 1208 4004 fluctuant

76 4072 110 4127 et
140 4055 253 4130 Turio.
280 4057 320 4130 R.
346 4060 406 4133 81.
433 4074 465 4130 et
486 4059 717 4134 Mcierianum.
778 4058 884 4154 Quod
920 4057 1065 4157 denique
1092 4057 1207 4130 attinet

76 4184 122 4256 ad
141 4185 336 4261 Editionem
353 4187 602 4264 Frobenianam
621 4190 833 4290 Scriptorum
855 4187 1015 4262 historiae
1034 4185 1207 4281 Augustae
