2536 4590
530 220 765 272 ...ιχ-

85 389 286 491 exemplaria
318 389 543 494 typographis
568 387 691 460 tradita
716 415 736 460 a
765 389 907 488 posteris
943 386 1206 461 conservantur?

83 521 211 621 quippe
238 547 323 620 quae
350 535 469 592 trunca
491 517 689 621 plerumque
714 546 752 592 ac
770 516 930 592 sordibus
950 518 1059 592 obsita
1078 515 1204 590 mdlius

83 650 151 722 iam
177 677 260 722 usus
284 649 541 730 existimentur„

181 885 232 958 Ex
257 885 310 960 his
336 885 512 975 omnihus,
545 903 583 958 ut
607 886 747 987 opinor,
783 887 864 959 satis
900 885 1005 985 liquet
1039 880 1208 981 exemplar

81 1012 167 1086 illud
198 1033 439 1115 „properanter
464 1033 564 1117 atque
598 1016 776 1115 infeliciter
809 1014 1033 1115 descriptum”
1065 1039 1208 1113 prorsus

83 1141 177 1214 aliud
198 1135 302 1216 fuisse
323 1160 422 1245 atque
444 1145 511 1219 hoc
536 1163 691 1219 nostrum
715 1145 1033 1220 Amerbachianum.
1083 1145 1208 1214 Utrum

86 1290 196 1346 autem
222 1274 338 1348 itidem
362 1274 405 1348 ab
431 1274 677 1365 Amerbachio,
702 1293 734 1348 et
757 1275 910 1375 quidem,
934 1293 972 1346 ut
988 1273 1043 1362 fit,
1068 1289 1208 1373 propter.

82 1403 230 1475 taedium
267 1403 394 1478 laboris
431 1404 657 1502 negligentius
696 1433 797 1504 quam
832 1405 947 1505 prius,
983 1433 1027 1477 an
1062 1403 1105 1475 ab
1140 1400 1207 1473 alio

81 1531 240 1606 Rhenani
263 1534 371 1608 amico
396 1535 500 1625 illud,
522 1535 616 1636 quod
636 1533 858 1607 Selestadium
884 1534 1120 1608 transmissum
1145 1547 1206 1621 est,

83 1680 254 1737 exaratum
275 1665 335 1754 sit,
360 1665 398 1738 id
422 1694 502 1739 vero
524 1664 591 1738 iam
619 1663 753 1737 deliniri
774 1664 916 1765 nequit

182 1895 252 1968 Sed
278 1923 424 1997 quonam
451 1894 587 1968 tandem
612 1895 753 1969 consilio
778 1895 938 1969 inductus
961 1894 1208 1970 Amerbaclrius

82 2025 241 2099 Codicem
272 2025 532 2099 Murbaeensem
558 2024 759 2126 descripsit?
792 2025 938 2099 Videbat
962 2023 1034 2115 ille,
1060 2025 1127 2098 nisi
1153 2051 1207 2097 me

82 2154 168 2227 fallit
193 2155 343 2244 auimuS,
368 2155 465 2244 fore,
486 2173 523 2229 ut
546 2154 713 2229 Rhenano
738 2155 842 2229 alium
867 2156 1024 2229 Codieem
1044 2155 1206 2252 integrio-

81 2313 153 2358 rem
178 2286 304 2386 ubique
327 2285 545 2386 conquirente
567 2312 628 2386 per
660 2282 850 2387 complures
884 2315 991 2362 anuos
1018 2285 1207 2360 extrahere-

82 2435 139 2488 tur
164 2417 275 2490 editio.
325 2414 552 2489 Nihilominus
575 2433 687 2489 tamen
706 2417 870 2516 scriptore
886 2433 954 2490 tam
977 2434 1116 2489 venusto
1134 2416 1208 2516 ipse

82 2575 217 2647 quoque
251 2547 378 2620 interea
415 2525 465 2618 uti
503 2544 653 2634 volebat,
688 2545 859 2646 adeoque,
897 2575 974 2621 cum
1008 2562 1208 2646 praeceptor

83 2676 298 2750 describendi
324 2675 455 2784 copiam
477 2675 610 2748 fecisset
634 2703 672 2748 ea
697 2675 840 2749 fortasse
868 2676 1087 2766 condicione,
1112 2677 1206 2750 domi

81 2825 120 2880 ut
150 2807 275 2881 librum
306 2825 450 2898 teneret,
491 2805 645 2881 alacriter
683 2834 753 2878 rem
785 2810 975 2903 ⁴aggressus
1020 2807 1065 2879 ad
1103 2806 1205 2881 finem

83 2937 248 3038 perduxit

181 3175 254 3248 Iam
282 3197 362 3248 vero
387 3172 650 3247 Amerhachiani
686 3172 883 3275 exemplaris
919 3204 983 3277 ope
1015 3177 1053 3249 id
1084 3177 1204 3250 lucrati

60 3331 216 3395 ¹sumus,
251 3323 289 3377 ut
319 3306 355 3377 in
388 3322 560 3404 posterum
593 3303 764 3405 aliquanto
790 3288 950 3381 solidiore
983 3306 1205 3380 fundamento

80 3434 208 3507 nitatur
232 3453 302 3507 tota
326 3433 440 3541 κρίσις
464 3432 653 3523 Velleiana,
679 3463 764 3536 quae
791 3435 903 3510 adhuc
930 3465 1071 3537 prorsus
1097 3435 1204 3508 dubia

80 3582 153 3637 erat
178 3582 276 3666 atque
299 3566 434 3638 incerta.
486 3565 689 3663 Singulatim
713 3585 879 3641 autemut
900 3593 1093 3639 recenseam
1113 3593 1204 3638 com-

79 3695 200 3785 moda,
235 3723 321 3796 quae
346 3695 426 3768 inde
453 3696 498 3768 ad
529 3695 727 3797 scriptorem
762 3695 1015 3788 redundarunt,
1043 3695 1088 3769 ad
1117 3695 1201 3769 haec.

78 3825 150 3899 fere
176 3827 286 3927 capita
307 3825 485 3900 referenda
510 3826 616 3899 duco:
667 3798 679 3809 .

181 4063 205 4134 l.
256 4061 338 4136 Loci
360 4063 531 4164 praeclare
557 4065 724 4139 emendati
759 4084 790 4137 et
823 4064 986 4165 suppleti,
1019 4065 1069 4139 vel
1105 4063 1204 4136 etiam

79 4192 246 4268 eiusmodi
287 4194 484 4300 corruptelis
526 4195 713 4298 detmpati,
751 4223 790 4269 ex
822 4193 946 4294 quibus
982 4213 1092 4268 tamen
1126 4216 1202 4263 vera
