2564 4590
553 209 904 308 -sss-'

162 442 203 486 ex
224 419 313 486 vobis
335 440 421 505 quae,
436 427 555 508 metum
572 417 656 492 vicit.
681 417 775 481 statui
793 415 973 493 certaminis
994 401 1151 495 adporsa.
1172 441 1225 503 pro

160 526 304 587 libertate
333 512 456 605 potiore
486 540 553 582 esse
573 519 651 582 forti
673 520 743 581 viro
777 541 873 601 quam
899 519 1035 585 manino
1064 540 1135 583 non
1164 540 1226 582 cer-

128 624 284 688 stavisse.
305 642 496 707 quamquam
518 640 628 683 omnes
652 619 707 681 alii
729 620 827 681 creati
845 640 906 700 pro
927 621 1000 688 iure
1022 633 1137 684 vestro
1167 621 1226 684 vim

163 738 306 788 cunctam
333 737 362 786 et
382 724 515 806 imperia
534 743 602 784 sua.
622 721 721 800 gratia
742 732 796 783 aut
825 741 892 802 spe.
924 733 978 784 aut
1005 722 1166 802 praemiis
1195 724 1226 786 in

162 850 219 894 vos
238 838 421 888 convertere
434 825 609 905 meliusque
631 824 749 884 habent
769 820 912 884 mercede
926 820 1121 905 delinquere
1135 844 1241 906 quarm

163 929 257 1009 gratis
279 928 478 988 rectelacere.
519 926 628 1006 Itaque
655 906 769 985 'omnes
791 944 971 986 concessere
995 924 1063 985 iam
1085 925 1124 985 in
1153 947 1230 1006 pau·

164 1049 272 1091 corum
300 1026 556 1089 dominationem.
581 1025 637 1106 qui
666 1045 724 1105 per
753 1025 885 1087 militaro
917 1044 1035 1086 nomen
1072 1025 1230 1087 aerarium

165 1129 318 1191 exercitus
346 1148 442 1206 regna
471 1127 649 1208 provincias
681 1145 874 1205 occupavere
911 1138 943 1187 et
974 1147 1083 1189 arcem
1113 1128 1231 1188 habent

165 1231 297 1312 expoliis
320 1231 432 1292 vestris
454 1251 524 1290 cum
546 1229 671 1291 interim
693 1247 779 1288 more
801 1247 951 1306 pecorum
974 1247 1032 1291 vos
1057 1227 1230 1290 multitudo

165 1334 294 1412 singulis
325 1330 487 1392 habendos
518 1329 733 1409 fruendosque
766 1329 925 1407 praebetis
954 1329 1046 1390 exuti
1082 1330 1259 1392 omnibusne

166 1455 246 1516 quae
271 1430 404 1492 maiores
424 1430 591 1511 reliquere.
633 1430 704 1490 Nisi
725 1429 800 1509 quia
823 1433 898 1493 vob.
918 1429 1062 1510 metipsis
1085 1451 1149 1511 per
1167 1431 1231 1493 suf·
1272 1480 1275 1517 1

166 1533 263 1609 fragia
286 1543 320 1590 ut
340 1529 499 1609 praesides
521 1533 609 1615 olim.
649 1530 743 1592 Nuuc
772 1529 917 1592 dominos
949 1528 1126 1593 destinatis.
1171 1533 1232 1593 Ita·
1272 1582 1275 1619 3

167 1651 228 1714 que
250 1649 430 1692 concessere
449 1631 522 1692 illuc
545 1651 654 1694 omnes
675 1641 707 1692 et
725 1651 801 1693 mox
823 1632 849 1694 si
867 1643 968 1695 vestra
985 1632 1176 1714 receperitis
1194 1629 1232 1695 ad

165 1752 222 1794 vos
242 1731 397 1813 plerique.
418 1732 583 1796 rarisenim
603 1735 724 1794 animus
739 1745 784 1794 est
804 1731 843 1793 ad
867 1755 903 1795 ea
926 1754 1008 1815 quas
1024 1735 1161 1815 placent
1178 1733 1232 1796 de·

134 1820 324 1898 tiendenda
349 1835 442 1894 ceteri
461 1835 649 1897 validiorum
672 1848 754 1896 sunt.
775 1857 815 1894 an
839 1831 970 1896 dubium
992 1837 1122 1899 habetis
1143 1837 1262 1901 Numa

167 1934 291 1995 officere
311 1935 388 2016 quid
418 1937 509 1997 vobis
542 1957 607 1998 uuo
635 1938 740 1996 animo
773 1936 974 2015 pergentibus
1009 1937 1116 2017 possit
1149 1957 1231 2021 quos

165 2035 330 2112 languidos
358 2037 567 2119 socordesque
590 2037 788 2117 pertimuere.
841 2037 911 2098 Nisi
938 2039 1020 2099 forte
1046 2038 1097 2101 .C.
1127 2039 1232 2102 Cotta.

168 2158 208 2198 ex
230 2137 325 2196 factio
349 2135 493 2197 nemedia
515 2141 624 2199 consul
645 2126 850 2224 aliterquam
870 2150 956 2199 metu
976 2137 1048 2201 iura
1069 2138 1232 2223 quaedam

167 2237 243 2297 .TR.
271 2236 335 2298 PL.
360 2238 495 2299 restituit
527 2251 558 2300 et
586 2261 777 2322 quamquam
801 2239 847 2302 .L.
867 2240 1002 2303 Sicinius
1031 2244 1162 2321 primus
1194 2241 1233 2304 de

166 2347 317 2416 potestate
336 2338 503 2409 tribunicia
522 2341 612 2421 loqui
635 2361 729 2402 ausus
750 2342 970 2410 mussantibus
980 2342 1074 2404 vobis
1094 2345 1263 2408 circum-rs

167 2450 278 2498 semus
301 2450 365 2499 erat
386 2451 490 2498 tamen
511 2440 669 2519 priusfflitti
689 2439 840 2502 invidiam
872 2441 1018 2504 mittnere
1047 2465 1148 2527 quam
1175 2467 1232 2510 vos

134 2539 300 2602 biniuriae
327 2550 506 2618 pertaesum
535 2553 589 2602 est.
644 2539 729 2624 quod
763 2562 819 2620 ego
853 2564 978 2624 nequeo
1010 2548 1088 2607 satis
1121 2548 1233 2610 mirari

167 2639 304 2714 Quirites
327 2640 410 2702 Nam
433 2661 519 2721 spem
541 2645 659 2704 frustra
679 2644 774 2706 fuisse
802 2643 1001 2706 intellexistis
1024 2645 1117 2709 Sulla
1142 2671 1233 2712 mor·

165 2756 221 2807 tuo
245 2743 300 2826 qui
322 2746 485 2806 scelestum
506 2747 699 2828 imposuerat
727 2748 876 2810 servitum
900 2750 995 2810 finem
1016 2751 1095 2810 mali
1117 2751 1231 2815 crede·

165 2846 254 2906 batis.
276 2856 363 2906 ortus
384 2858 430 2906 est
450 2849 541 2927 longe
572 2851 694 2912 saevior
716 2849 845 2912 Catulus
869 2852 1021 2925 tumultus
1050 2851 1262 2918 intercessitss

165 2947 266 3007 Bruto
288 2959 319 3006 et
338 2947 499 3018 Mamerco
521 2949 610 3014 COS.
632 2949 704 3011 dein
727 2949 763 3010 C.
787 2948 883 3011 Curio
905 2950 945 3011 ad
964 2951 1099 3014 exitium
1113 2975 1229 3039 usque.

166 3045 297 3108 insontis
319 3047 439 3108 tribuni
470 3048 647 3112 dominatus
675 3063 721 3112 est
754 3051 906 3111 Lucullus
940 3052 1107 3132 superiore
1140 3077 1230 3119 anno

167 3151 290 3224 quantis
312 3149 495 3211 animisierit
514 3155 548 3212 in
571 3152 619 3215 .L.
640 3149 803 3224 Quintium
825 3150 946 3214 vidistis
970 3166 1109 3234 quantae
1136 3154 1230 3220 deni·

235 3316 261 3362 2.
272 3313 373 3376 potiora
391 3317 416 3363 6.
431 3317 502 3363 recte
513 3314 598 3368 iacere
624 3323 649 3371 9.
664 3336 697 3372 ex
711 3322 800 3386 spoliis
821 3326 861 3373 11.
877 3323 1005 3376 vobismet
1019 3323 1084 3395 ipsis
1104 3328 1148 3378 14.
1160 3327 1230 3380 ratis

166 3382 232 3434 cuim
261 3386 303 3432 18.
323 3383 435 3433 factione
454 3383 539 3433 media
570 3391 614 3438 at.
634 3396 749 3441 metuere
776 3394 819 3442 24.
836 3394 968 3445 servitium
993 3397 1038 3445 28.
1052 3397 1148 3447 animis
1167 3398 1230 3450 ierit

201 3539 325 3576 cosmus.
363 3527 405 3575 ts.
431 3521 474 3573 uti
517 3529 558 3577 13.
585 3526 642 3580 illic
679 3536 721 3583 15.
747 3541 836 3583 cetera
872 3540 915 3588 15.
933 3553 966 3586 ne
984 3532 1097 3603 adficere
1133 3542 1181 3593 26.
1200 3551 1229 3592 et

234 3594 350 3646 Aemilio
370 3597 505 3646 ttamerco
547 3602 591 3652 28.
611 3603 643 3652 L.
666 3601 822 3670 Qrcinctium

199 3739 225 3784 2.
254 3735 369 3803 potiore]
396 3737 478 3788 Error
507 3738 589 3794 Vatis.
624 3758 672 3808 pu,
747 3747 787 3795 12.
806 3746 849 3811 ut]
871 3748 955 3800 Vatic.
974 3763 1013 3816 pr.
1034 3751 1078 3800 uti
1096 3755 1226 3809 Gerlach.

165 3813 312 3870 correctus,
330 3813 359 3856 ut
384 3808 493 3870 videtur,
512 3810 537 3861 iu
565 3812 671 3877 reliquis
741 3850 785 3898 2¹·
822 3847 958 3916 mittum]
993 3854 1040 3903 Sic
1067 3855 1157 3912 vmc-
1185 3876 1227 3928 Pr·

165 3876 476 4012 uillcfdodfdnddipididd
486 3943 528 3996 Ex
544 3920 591 4000 idac
606 3952 670 4001 scri·
705 3918 767 3978 (¹¹⁰⁰
786 3922 918 3984 mutum)
937 3936 985 3986 1²¹⁰
1003 3932 1131 3981 melum.

164 4018 239 4077 ptura
267 4017 348 4067 Vatis.
375 4031 413 4082 pr.
440 4021 511 4065 ortus
535 4025 575 4067 est
599 4035 672 4072 error
740 4023 784 4071 23.
803 4020 836 4072 V.
855 4018 1028 4075 intellexistis
1047 4027 1072 4078 iu
1090 4035 1225 4087 contextu

165 4081 322 4148 Britannici,
351 4084 574 4162 litteratoris
604 4091 668 4141 alio·
705 4092 826 4140 omissum
852 4093 961 4158 margini
989 4095 1151 4166 adscriptum
1182 4109 1225 4157 est

165 4165 286 4216 rumque:
308 4165 405 4204 vosmet
424 4172 484 4221 rpst.
706 4161 731 4208 in
752 4160 834 4210 vatic.
854 4176 892 4226 ρι’.
