2536 4590
491 158 746 276 ..354

83 389 176 457 COS.
198 390 355 453 decretam
377 390 510 451 Galliam
532 408 684 470 occupare
707 394 820 456 statuit.
862 396 1026 462 Dolabella
1041 414 1142 463 trans.

81 478 223 556 marinas
248 491 384 555 decrevit
412 493 481 553 sibi.
538 491 685 574 Interque
716 497 898 559 naturaliter
921 499 1141 566 dissimillimos

81 619 118 658 ac
140 593 266 658 diversa
285 594 418 658 volentis
439 596 596 654 crescebat
618 595 743 674 odium3
775 618 876 680 eoque
899 600 935 662 C.
957 601 1071 664 Caesar
1090 605 1139 664 iu·

81 697 171 760 venis
196 693 373 756 cottidianis
395 694 526 754 Antonii
546 698 709 774 petebatur
732 698 864 760 insidiis.

46 812 66 861 1
168 795 255 859 LXI.
299 797 459 875 Torpebat
482 815 631 874 oppressa
650 797 860 861 dominatione
873 802 1004 864 Antonii
1018 806 1172 867 civitas.⁵'

10 962 14 970 ,
80 899 254 978 indignatio
282 911 313 958 et
335 895 427 958 dolor
448 897 610 975 omnibus,
633 899 680 961 vis
703 900 742 960 ad
760 903 968 964 resistendum
986 907 1066 965 nulli
1083 904 1138 965 ad·

81 1013 169 1077 erat,
195 1020 266 1060 cum
290 998 325 1062 C.
354 998 468 1060 Caesar
489 991 588 1061 xvim.
611 1021 729 1062 annum.
748 1003 918 1081 ingressus,
941 1006 1022 1066 mira
1043 1025 1136 1066 ausus

81 1124 120 1163 ac
138 1097 265 1164 'summa
286 1115 470 1163 consecutus
492 1103 613 1181 privato
641 1105 769 1165 consilio
791 1107 938 1167 maiorem
954 1094 1064 1167 senatu
1076 1127 1135 1187 pro

49 1220 156 1286 zrep.
174 1205 312 1266 animum
334 1205 444 1265 habuit
469 1199 680 1285 lprimumque
703 1227 722 1266 a
747 1206 885 1284 Galatia,
911 1228 987 1268 mox
1009 1229 1027 1268 a
1049 1205 1136 1267 Casi-

79 1308 149 1368 lino
168 1317 335 1367 veteranos
360 1305 484 1368 excivit·
499 1317 659 1385 paternos.
681 1328 815 1388 quorum
840 1311 1017 1390 exemplum
1039 1311 1136 1370 secuti
1145 1326 1170 1360 10

81 1406 137 1468 alii
155 1407 245 1470 brevi
264 1407 299 1466 in
319 1408 422 1468 forma
440 1408 515 1468 iusti
536 1410 619 1469 coire
641 1410 804 1470 exercitus.
855 1411 936 1472 Mox
968 1433 1039 1472 cum
1067 1413 1134 1472 An·

78 1509 188 1571 tonius
209 1510 394 1571 occurrisset
422 1511 586 1588 exercitui,
619 1533 713 1594 quem
742 1533 783 1573 ex
816 1513 1031 1575 transmarinis
1058 1535 1133 1596 pro·

77 1611 193 1677 vindis
212 1609 428 1672 Brundusium
447 1612 555 1674 venire
575 1613 724 1690 iusserat,
746 1614 827 1692 legio
841 1615 957 1675 Martia
972 1629 1004 1677 et
1022 1629 1133 1698 quarta

80 1714 206 1794 cognita
227 1726 257 1775 et
278 1726 403 1776 senatus
425 1714 586 1776 voluntate
608 1726 639 1774 et
658 1715 738 1773 tanti
757 1715 879 1776 iuvenis
901 1714 1006 1776 indole
1028 1719 1133 1778 subla-

45 1819 121 1884 3tis
142 1816 237 1896 signis
259 1814 300 1878 ad
321 1815 485 1876 Caesarem
506 1835 539 1876 se
562 1816 771 1877 contulerunt.
820 1816 901 1875 Eum
923 1827 1048 1876 senatus
1071 1819 1167 1878 ho·1⁵

76 1931 227 1980 noratum
251 1919 388 1999 equestri
407 1930 523 1995 statua,
546 1936 626 1998 quae
647 1917 805 2000 hodieque
826 1896 861 1978 iti
881 1918 1003 1979 Rostris
1031 1918 1133 2002 posita

78 2036 212 2087 aetatem
232 2022 299 2084 eius
332 2023 485 2102 scriptura
510 2021 627 2082 indicat
658 2018 728 2103 (qui
757 2023 862 2082 honor
895 2042 960 2084 non
992 2022 1045 2082 alii
1075 2043 1133 2102 per

77 2146 143 2188 cco.
170 2144 270 2186 annos
292 2145 385 2206 quam
415 2124 454 2185 L.
484 2123 590 2185 Sullae
623 2136 654 2185 et
687 2123 744 2189 Cn.
768 2124 919 2204 Pompeio
942 2134 974 2183 et
995 2123 1031 2184 0.
1054 2123 1132 2184 Cae-

77 2229 144 2290 sari
165 2221 348 2307 contigerat)
368 2248 428 2307 pro
449 2229 484 2288 P.
506 2226 546 2287 R.
575 2247 640 2286 una
663 2247 734 2287 cum
764 2225 944 2285 consulibus
968 2222 1133 2303 designatis

45 2329 183 2391 sfltrtio
205 2341 243 2391 et
265 2329 367 2388 Pansa
388 2330 505 2389 bellum
535 2349 605 2388 eum
628 2322 771 2389 Antonio
801 2341 908 2405 gerere
935 2326 1035 2387 iussit.
1081 2328 1165 2389 Abra

77 2452 119 2493 eo
139 2450 258 2492 annum
277 2413 385 2508 agente
409 2430 589 2493 vicesimum
613 2430 738 2490 fortiter
762 2429 844 2489 circa
856 2429 1013 2489 Mutinam
1033 2427 1132 2490 admi·

75 2533 245 2595 nistratum
265 2544 345 2592 esset
370 2532 410 2591 D.
433 2531 550 2592 Brutus
574 2530 735 2592 obsidione
763 2530 923 2592 liberatus.
976 2533 1132 2599 Antonius

75 2632 167 2713 turpi
186 2652 222 2693 ac
243 2630 329 2692 nuda
358 2635 432 2710 fuga
460 2644 583 2695 coactus
608 2631 749 2694 deserere
779 2633 910 2692 Italiam.
958 2632 1132 2695 Consulum
1198 2665 1201 2673 ν

76 2747 184 2799 antem
215 2735 294 2794 alter
316 2734 349 2793 in
371 2735 451 2811 acie,
481 2737 559 2796 alter
586 2747 655 2814 post
685 2754 802 2813 pancos
830 2731 896 2793 dies
928 2718 969 2792 ex
1002 2736 1131 2794 volnere

76 2850 213 2901 mortem
234 2837 323 2898 obiit.
1059 2849 1062 2855 ’
1136 2849 1164 2889 ss

44 2955 60 3006 1
168 2937 269 3000 LXII.
311 2933 426 2998 Omnia
447 2948 535 3011 ante,
566 2955 657 3016 qnam
688 2936 849 3012 fugaretur
877 2931 1051 3008 Antonius,
1070 2935 1129 2996 ho·

74 3041 209 3104 noriiice
233 3060 253 3099 a
273 3050 383 3098 senatu
404 3037 438 3096 in
463 3037 626 3098 Caesarem
656 3035 888 3124 exercitumque
919 3035 985 3094 eius
1009 3033 1133 3097 decreta

42 3153 154 3223 ‘sunt
180 3140 316 3220 maxime
349 3150 476 3203 auctore
510 3138 671 3199 Cicerone.
700 3134 771 3213 sed,
802 3147 838 3195 ut
866 3137 993 3197 recessit
1020 3150 1132 3216 metus,

150 3325 179 3376 9.
197 3320 299 3374 Calatia
335 3325 378 3373 11.
403 3306 429 3373 in
449 3321 556 3373 sormam
600 3324 642 3374 n.
668 3322 755 3373 coiere
790 3323 832 3371 ta.
855 3336 904 3386 pro
932 3327 1052 3389 praetore
1087 3326 1131 3377 2⁰.

75 3392 164 3448 inseite
199 3392 232 3444 Id
249 3391 283 3444 ab
301 3407 334 3444 eo
368 3395 415 3445 22.
432 3392 635 3444 administratum
654 3396 739 3444 estet
757 3390 788 3442 l).
807 3390 905 3442 Brutus

114 3541 142 3589 a.
162 3520 254 3604 nqis]
274 3534 373 3587 arsa.
401 3535 513 3597 terum,
530 3551 589 3586 cum
660 3536 703 3586 11.
722 3530 771 3581 aas
795 3529 877 3596 aava
905 3531 1004 3583 anau
1034 3530 1084 3579 αιῑι·
1104 3531 1133 3582 a

75 3608 166 3666 sntio,
189 3619 237 3657 cnr
254 3605 286 3658 G.
311 3606 408 3656 Caesar
435 3605 532 3671 petitus
556 3606 590 3654 sit
625 3602 697 3654 brevi
715 3602 747 3653 P.

75 3676 198 3739 insidiis,
226 3689 276 3727 non
304 3676 364 3725 insit
391 3676 415 3724 in
443 3675 546 3725 Antonii
563 3679 590 3724 et
662 3675 703 3722 ll.
721 3669 750 3720 in
762 3667 868 3738 formo]
888 3668 944 3720 AB.
970 3666 999 3719 in
1011 3666 1133 3738 saturam

76 3746 234 3801 Dolabellae
247 3750 336 3797 mutuo
353 3744 430 3807 odio,
448 3743 494 3795 sed
505 3745 589 3794 solum
625 3741 700 3794 PbR.

75 3819 106 3871 ln
121 3815 228 3869 Antonii
241 3817 383 3882 pravitate,
400 3813 536 3864 videndum
557 3828 590 3865 ne
662 3815 705 3862 lt.
724 3807 803 3873 coire]
822 3806 879 3859 AB.
897 3807 980 3858 coiere
998 3806 1074 3861 Pbtt.

75 3902 129 3957 pto
147 3901 232 3955 eoquo
256 3885 372 3938 Velleius
389 3885 522 3949 scripserit
539 3884 591 3932 ad·
663 3884 705 3932 14.
724 3879 808 3944 tants]
821 3878 918 3931 APbR.
933 3887 1013 3929 touta
1029 3875 1132 3931 Ruhnk.

127 3972 173 4020 ne,
190 3970 245 4019 qno
268 3971 293 4007 v.
311 3955 448 4019 aliquoties
466 3956 547 4006 utitur
565 3955 591 4006 in
663 3955 706 4004 19.
723 3967 772 4016 pro
789 3953 823 4001 P.
836 3948 882 4013 te]
900 3949 971 4000 APb.
987 3966 1039 4016 pro
1051 3963 1134 4015 pras-

124 4024 227 4079 matt
244 4023 446 4077 transitionibus.
628 4031 686 4072 toro
703 4020 835 4085 Sigonius.
853 4020 887 4071 R.

113 4102 144 4150 ’1.
164 4095 283 4161 naun]
301 4093 382 4147 APR.
401 4108 496 4144 xrrrr.
513 4093 538 4144 b.
662 4095 708 4145 20.
726 4087 782 4155 Ab]
802 4090 857 4142 ΑΡ.
874 4086 910 4136 Id
921 4085 955 4136 ab
969 4086 1020 4141 bR.

10 4200 17 4221 .
115 4170 145 4219 9.
165 4162 289 4230 Galatia]
307 4165 363 4218 ΑΡ.
393 4161 502 4213 Galatia
522 4162 575 4216 bR.
663 4165 708 4216 22.
726 4169 796 4211 esset
808 4158 856 4224 ἢ]
866 4159 900 4212 A.
910 4166 952 4208 est
965 4167 993 4209 et
1007 4162 1043 4212 D.
1058 4158 1133 4212 PbR.

758 4242 784 4306 u
