2536 4590
468 160 728 237 ..57-

30 351 295 435 zpraenitentem
314 348 348 411 in
370 349 519 412 altissimo
539 349 714 416 luminavit.
762 349 823 416 Hic
849 355 970 437 genitus
998 378 1120 439 proavo

62 458 111 519 Μ.
135 453 256 516 Catone
280 453 423 534 principe
443 452 499 515 illo
519 453 655 515 familiae
678 455 822 535 Porciae,
851 479 918 521 non
940 459 1058 522 Virtuti
1078 461 1121 522 si·

61 559 215 619 utillimus
236 568 267 619 et
286 577 345 638 per
366 555 471 619 omnia
498 555 625 635 ingenio
648 553 707 617 diis
730 579 825 639 quam
847 560 1026 622 hominibus
1044 580 1120 643 pro-

60 661 151 742 pior,
185 660 245 740 qui
265 678 431 741 nunquam
453 671 537 719 recte
558 657 650 736 fecit,
679 669 715 720 ut
734 661 838 721 facere
859 660 1034 740 videretur,
1066 661 1120 724 sed

18 805 23 810 -
63 761 142 844 quia
163 761 254 821 aliter
274 763 377 821 facere
406 780 472 821 non
494 771 657 841 potuerat3
685 760 799 845 cuique
828 762 862 824 id
888 766 991 826 solum
1018 764 1141 828 visums

64 876 112 925 est
141 862 298 946 rationem
334 864 472 939 habere,
506 860 594 945 quod
624 864 754 925 haberet
786 863 922 927 iustitiae
933 911 943 944 ,
975 867 1121 929 omnibus

62 964 209 1026 humanis
228 964 312 1028 vitiis
332 966 480 1026 immunis
502 986 627 1047 semper
645 967 806 1028 fortunam
826 967 861 1027 in
881 988 940 1029 sua
968 979 1120 1050 potestate

29 1067 186 1129 3habuit.
225 1067 286 1128 Hic
310 1068 378 1129 TR.
397 1067 462 1129 PL.
483 1066 661 1148 designatus
674 1081 720 1129 est
736 1067 838 1131 adhuc
850 1068 1020 1132 admodum
1042 1069 1120 1132 adu·

61 1172 200 1247 lescens,
231 1190 302 1231 cum
326 1169 380 1230 alii
408 1167 592 1243 suaderent,
613 1178 650 1232 ut
680 1191 739 1250 per
770 1171 941 1254 municipia
966 1173 1119 1234 Lentulus

63 1271 281 1353 coniuratique
302 1269 547 1352 custodirentur,
567 1293 668 1354 paene
691 1273 775 1334 inter
797 1273 923 1335 ultimos
944 1272 1156 1353 interroga-10

62 1386 115 1434 tus
139 1373 340 1452 senteutiam,
362 1375 501 1438 tantari
522 1375 619 1436 animi
640 1387 735 1459 atque
759 1373 877 1455 ingenii
900 1375 1042 1439 invectus
1075 1391 1121 1440 est

64 1474 99 1535 in
120 1476 383 1553 coniurationem,
404 1489 436 1538 et
457 1475 570 1540 ardore
592 1475 657 1539 oris
681 1476 856 1540 orationem
880 1477 1021 1540 omnium
1041 1479 1122 1540 leni-

29 1585 161 1642 ltatem
190 1577 388 1641 suadentium
413 1581 557 1642 societate
590 1579 714 1642 consilii
742 1590 919 1660 suspectam
953 1579 1043 1659 fecit,
1076 1580 1120 1644 sic

39 1746 42 1750 1
61 1681 276 1764 impendentia
298 1702 340 1745 ex
359 1680 459 1743 ruinis
480 1679 694 1765 incendiisque
717 1680 806 1743 urbis
828 1691 860 1742 et
879 1682 1121 1745 commutatione

61 1795 162 1845 status
181 1785 300 1866 publici
320 1787 460 1866 pericula
482 1784 642 1867 exposuit,
665 1784 709 1846 ita
738 1783 863 1846 consilis
882 1784 1031 1848 viruitem
1054 1803 1157 1847 ant-ts

61 1880 230 1968 plffic'avit,
251 1898 289 1948 ut
308 1888 474 1952 universus
494 1900 618 1952 senatus
638 1886 672 1948 in
693 1887 760 1948 eius
777 1884 963 1948 sententiam
977 1887 1123 1949 transiret

62 1985 437 2072 animadvertendumque
459 1991 494 2051 in
516 2010 584 2069 eos,
612 2009 692 2073 quos
722 1985 954 2070 praediximus,
983 2002 1123 2051 censeret

62 2090 229 2173 maiorque
252 2111 325 2170 pars
348 2090 467 2152 ordinis
497 2093 564 2153 eius
594 2089 745 2154 Catonem
776 2103 1044 2172 prosequerentur
1065 2089 1123 2153 do-

27 2206 164 2259 5mum.
204 2185 252 2252 At
271 2190 405 2254 Catilina
424 2215 489 2257 non
511 2194 635 2274 segnius
656 2204 733 2255 nota
755 2192 852 2262 obiit,
881 2192 1122 2273 quam‘sceleris

52 2290 202 2380 xconandi
221 2293 351 2354 consilia
366 2295 495 2376 inierat3
517 2296 633 2379 quippe
655 2295 822 2358 fortissime
843 2291 1008 2374 dimicans,
1028 2317 1121 2380 quem
1128 2319 1158 2360 ιο

62 2394 211 2476 spiritum
230 2397 385 2477 supplicio
408 2396 575 2479 debuerat,
596 2399 749 2483 supplicio
770 2393 916 2460 reddidit.

138 2583 165 2635 1.
182 2580 278 2635 lumine
295 2583 433 2636 collocavit
473 2583 721 2637 aestuavimus
762 2585 788 2635 ὅ.
807 2584 912 2650 poterat
953 2583 979 2634 6.
997 2579 1122 2633 iustitiam

62 2653 92 2702 8.
111 2649 261 2716 designatus
279 2659 306 2722 et
321 2652 406 2707 adhuc
449 2657 492 2706 12.
506 2655 543 2706 ita
562 2655 656 2706 ardore
699 2657 734 2706 15
752 2653 865 2705 consulis
907 2654 950 2703 18.
969 2650 1121 2704 Cicerone·

62 2724 111 2773 19.
120 2722 235 2788 segnius
250 2737 299 2777 suo
316 2731 379 2777 roto
397 2724 462 2777 obiit
495 2729 539 2778 21.
558 2725 692 2790 debuerat,
711 2724 810 2792 praelio
830 2721 950 2778 reddidit.

417 2804 424 2834 l

101 2885 127 2934 1.
155 2879 312 2950 dominavit]
341 2884 441 2940 lesu.
479 2882 579 2938 lumina
650 2885 695 2935 15.
713 2879 830 2947 consilis]
850 2879 907 2933 ΑΒ.
934 2874 1051 2931 consulis
1067 2877 1121 2933 btt.

62 2950 209 3004 eolhcaeit
230 2954 400 3009 Burmannus.
614 2950 720 3004 consilii
735 2953 768 3004 P.

99 3025 128 3074 2.
147 3023 210 3088 non]
228 3024 284 3075 AB.
311 3025 399 3075 aniate
424 3026 457 3077 0.
480 3026 577 3094 partim
650 3027 692 3073 18.
710 3020 846 3088 Catonem]
858 3021 956 3075 subu.
976 3018 1123 3073 Ciceronem

62 3108 126 3144 eum
143 3094 278 3157 Gruuero,
296 3095 342 3159 qui
366 3097 473 3147 volebat
499 3099 576 3147 tomo
613 3092 793 3157 Hottingerus.

65 3162 176 3216 Virtuti
194 3163 283 3213 animo
299 3164 458 3217 simillimae.
477 3169 577 3218 Absor·
648 3167 690 3215 lo.
709 3161 819 3231 segnius
843 3160 920 3228 nota]
946 3160 979 3215 B.
1003 3161 1026 3213 si
1050 3165 1123 3215 recte

62 3238 174 3301 pserunt
199 3233 301 3286 litterae
334 3234 520 3302 praecedentes
543 3255 576 3286 ae
599 3233 682 3286 'vidit
725 3233 804 3285 Certe
831 3239 858 3284 et
881 3234 913 3284 Α.
939 3237 966 3284 et
989 3234 1022 3284 P.
1044 3241 1121 3285 uota.

61 3318 156 3354 verum
174 3304 338 3356 vocabulum.
374 3308 487 3374 Saepius
505 3307 575 3374 apud
608 3303 719 3373 segnius
736 3321 785 3353 suo
804 3311 867 3353 voto
884 3303 918 3355 0.
934 3308 973 3354 ¹ut
996 3303 1061 3369 Cup.
1075 3305 1121 3356 22.

61 3373 196 3427 Velleium
215 3389 255 3425 vv.
269 3375 376 3426 ammes
394 3383 422 3429 et
440 3376 575 3446 ingenium
610 3374 737 3439 (Eundem
761 3374 915 3424 seutentiam
933 3373 1029 3439 requiri
1048 3373 1122 3425 ride-

61 3445 109 3496 vel
142 3443 285 3508 iunguntur
321 3447 363 3498 vel
401 3455 576 3516 opponuntur.
611 3451 672 3497 runt
689 3443 802 3496 criticus
817 3444 994 3495 Berolluensis
1014 3449 1042 3496 et
1056 3443 1122 3494 (ilu-

62 3514 143 3565 h⁰⁷¹⁸⁰
160 3514 237 3566 Phli-
612 3516 671 3567 dius
712 3516 854 3566 scribentes
892 3521 1002 3562 mortem
1036 3509 1122 3578 obiit.)

99 3588 129 3637 ⁵.
142 3585 285 3652 potuerat]
308 3587 391 3641 APR.
406 3596 516 3656 poterat
533 3588 560 3640 b.
612 3583 722 3654 segnius
738 3582 809 3652 fata
840 3582 980 3650 Saupplus.
1012 3581 1123 3652 segnius

100 3658 129 3708 6.
144 3653 281 3718 iustitiae]
300 3658 355 3709 ΑΡ.
375 3657 511 3708 iustitiam
526 3658 579 3710 bR.
615 3662 716 3706 conata
733 3653 872 3705 Acidatius.
891 3652 926 3704 R.
1162 3706 1173 3721 Ι

30 3763 50 3778 ..
99 3727 127 3777 8.
146 3722 435 3794 &signarentque
455 3728 581 3797 designa·
651 3727 696 3774 21.
712 3721 842 3790 supplicio
855 3720 983 3773 debuerat
992 3719 1124 3787 supplicio

61 3802 114 3845 tus
128 3802 158 3843 et
175 3794 291 3848 Vossius.
310 3798 345 3848 R.
363 3797 578 3880 designatust.
613 3792 743 3859 reddidit]
769 3794 801 3846 P.
831 3793 909 3860 (quae
936 3807 998 3845 saue
1021 3791 1124 3845 videtur

103 3867 148 3917 ts.
165 3872 194 3913 et
210 3865 316 3932 ardore]
334 3869 388 3923 ΔΡ.
415 3877 459 3918 sta
482 3868 578 3921 ardore
612 3859 759 3933 ἀρχετύπου
784 3866 929 3930 scriptum
953 3879 1012 3914 nam
1036 3862 1070 3912 ab
1092 3879 1125 3916 ea

60 3936 179 3989 Krousa.
199 3943 232 3984 ut
244 3936 340 3987 ardore
357 3939 410 3992 btt.
612 3935 752 3988 recessisse
761 3932 958 3986 Amerbachium
970 3938 1080 4000 apparet
1090 3950 1125 3988 ex

100 4009 145 4057 13.
164 4004 304 4075 societate]
324 4009 423 4061 APbR.
444 4007 476 4058 de
493 4008 578 4060 socie-
612 4008 669 4059 eius
687 4005 846 4073 exemplari:
873 4002 1000 4055 siritum
1027 4001 1126 4054 debus-

60 4084 127 4128 tate
144 4076 281 4130 Gelenius.
613 4086 659 4129 rat
677 4074 808 4144 supplicio
826 4021 944 4125 redidit
965 4089 1025 4127 cum
1043 4074 1126 4141 siguis

102 4150 148 4200 13.
160 4145 246 4216 fecit]
265 4149 320 4202 ΔΡ.
335 4148 438 4221 feeerit
455 4149 506 4203 bii.
614 4149 666 4214 leg.
685 4163 757 4200 esses
777 4144 903 4214 spiritum
919 4143 1054 4214 supplicio
1082 4145 1132 4194 de-
