2536 4590
534 170 814 248 ...166-

153 364 342 428 rutaelficitis
364 359 512 441 Quirites.
541 362 689 442 ultroque
712 355 870 421 licentiam
892 356 984 425 ineos
1014 369 1148 452 auctum
1166 370 1214 421 at·

127 471 217 550 sque
253 467 394 529 adiutum
424 461 598 547 properatis
629 460 742 543 Neque
771 480 829 539 ego
859 480 917 525 voe
948 461 1053 522 ultum
1076 458 1214 523 inituias

150 573 273 633 hortor.
306 571 403 646 magis
442 566 491 628 uti
522 564 665 647 requiem
695 559 833 642 capiatis.
885 559 999 643 Neque
1034 558 1214 625 discordias

151 672 234 733 utitti
254 671 468 731 criminantur.
509 664 572 728 Sed
592 685 701 727 earum
725 663 820 724 finem
846 663 957 725 volens
977 663 1048 725 ture
1069 662 1214 742 gentium

151 794 202 836 res
223 783 331 852 repeto
356 783 387 833 et
410 771 436 832 si
456 766 655 849 pertinaciter
679 764 861 825 retinebunt
880 762 1068 825 Non'arma
1096 762 1234 845 Neques

152 875 357 936 secessionem
380 883 501 933 tantum
521 866 617 930 modo
638 863 822 944 Neamplius
853 861 1037 942 sanguinem
1066 875 1215 927 teatrum

152 973 327 1055 praebeatis
349 971 493 1032 censebo.
513 981 622 1047 gerant
650 969 849 1046 habeantque
876 983 935 1026 suo
956 962 1053 1027 modo
1076 965 1215 1046 imperia

152 1085 306 1155 quaerunt
323 1071 468 1134 triumfus
487 1068 703 1133 Mithridatem
721 1066 895 1130 Sertorium
912 1074 944 1126 et
955 1065 1110 1147 reliquias
1132 1087 1215 1129 exu-

150 1176 218 1237 lum
236 1185 465 1256 persequantur
487 1192 559 1232 cum
588 1169 747 1248 imaginib.
779 1168 843 1230 auia
868 1167 951 1229 absit
979 1168 1164 1247 pericnlum
1184 1180 1214 1229 et

150 1277 240 1337 labor
267 1276 381 1358 quibus
403 1275 490 1336 nulla
513 1292 587 1353 pars
617 1273 739 1333 fructus
763 1280 810 1330 ott
828 1267 899 1330 Nisi
928 1269 1011 1330 forte
1042 1270 1246 1349 repentina¹⁰

151 1376 211 1436 ista
235 1376 440 1440 frumentaria
468 1377 534 1451 lege
563 1372 672 1434 munia
699 1383 804 1434 uestra
834 1380 1007 1452 pensantur
1039 1383 1215 1452 quatamen

152 1476 229 1556 quin
250 1477 276 1537 it
297 1474 399 1537 modis
422 1476 599 1534 libertatem
636 1474 777 1535 omnium
810 1472 1012 1535 aestimavere
1044 1474 1104 1555 qui
1136 1495 1215 1556 pro·

151 1576 232 1637 fecto
271 1574 398 1637 Nouum
432 1574 514 1655 plius
549 1587 681 1654 possunt
711 1573 864 1635 alimentis
898 1573 1029 1635 carceris
1061 1573 1213 1660 Namque

151 1676 247 1736 utillis
279 1677 446 1754 exiguitate
475 1695 561 1738 mors
591 1676 790 1755 prohibetur.
843 1664 1017 1736 senescunt
1049 1675 1137 1738 vires
1167 1678 1212 1739 sic

149 1774 262 1858 Neque
284 1777 405 1840 absolvi
426 1798 501 1841 cura
523 1775 668 1837 familiari
689 1788 752 1837 tam
776 1797 873 1856 parva
894 1795 944 1837 res
963 1788 993 1837 et
1007 1774 1115 1855 ignem
1138 1779 1243 1861 qui-¹⁵

150 1899 251 1960 usque
270 1878 465 1941 tenuissimae
484 1899 542 1963 per
558 1879 729 1939 inretratur
750 1895 831 1958 quae
855 1888 958 1936 tamen
976 1879 1121 1957 quamvis
1144 1900 1211 1941 am·

149 1981 202 2059 pla
224 1979 375 2061 quoniam
397 1979 516 2042 servitii
540 1979 675 2058 pretium
698 1988 906 2040 ostentaretur
926 1978 1015 2037 cuius
1030 1978 1212 2059 torpedinis

152 2091 228 2141 erat.
250 2079 404 2159 decipiet
424 2092 600 2141 vestrarum
623 2100 731 2140 rerum
752 2081 835 2141 ultro
857 2078 974 2139 iniuria
998 2078 1132 2158 gratiam
1155 2079 1211 2144 de·

151 2184 226 2244 bere
247 2182 392 2264 Namque
414 2182 475 2244 alio
494 2179 590 2243 modo
611 2181 724 2264 Neque
745 2183 851 2245 valent
873 2181 908 2241 in
931 2179 1109 2246 universos.
1129 2183 1206 2267 Neq

125 2285 360 2345 tconabuntur.
382 2281 537 2346 cavendus
561 2283 651 2346 dolus
680 2295 736 2347 eet.
778 2284 887 2365 Itaque
910 2281 1003 2344 simul
1031 2291 1243 2365 conparant²⁰

149 2381 355 2446 delenimenta
393 2396 434 2444 et·
448 2383 598 2447 differunt
629 2407 687 2452 uos
714 2385 749 2446 in
781 2383 947 2448 adventum
980 2383 1049 2446 CN.
1073 2386 1209 2468 Pompei

149 2503 242 2567 quem
268 2482 371 2563 ipsum
400 2484 456 2545 ubi
486 2485 675 2567 pertimuere
708 2487 867 2547 sublatum
900 2484 936 2546 in
967 2484 1103 2548 cervices
1134 2508 1209 2550 suas

147 2603 224 2646 mox
245 2581 372 2665 dempto
401 2598 487 2649 metu
506 2588 645 2654 lacerant
675 2586 757 2671 Neq.
779 2608 834 2650 eos
865 2584 963 2669 pudet
993 2584 1134 2652 uindices
1159 2591 1208 2653 uti

148 2707 181 2748 ee
203 2685 309 2746 serunt
325 2687 477 2750 libertatis
501 2701 548 2751 tot
564 2691 648 2754 uiros
665 2690 797 2751 sineuno
816 2688 1027 2750 autremittere
1042 2689 1207 2754 iniuriam.

148 2786 221 2850 Non
243 2787 357 2854 audere
390 2778 449 2851 aut
475 2789 524 2853 ius
556 2813 621 2854 non
649 2788 940 2871 poesedelendere
973 2790 1051 2855 mihi
1076 2790 1241 2873 quidem!⁵

148 2889 220 2951 eatis
242 2903 412 2970 spectatum
434 2904 479 2953 eet
495 2894 681 2974 Pompeium
703 2906 787 2954 tante
821 2891 937 2971 gloriae
974 2889 1208 2956 adulescentem

146 2992 238 3052 malle
259 2992 434 3072 principem
455 2995 633 3056 volentibus
654 2995 744 3058 vobis
766 3011 832 3055 ease
854 3013 948 3075 quatu
970 2976 1041 3053 ittts'
1061 2990 1207 3059 domina·
1238 3037 1241 3041 -

146 3091 241 3153 tionis
266 3094 385 3155 socium
406 3108 597 3178 auctoremq.
630 3096 773 3176 inprimis
804 3096 873 3156 sore
906 3093 1091 3156 tribuniciae
1114 3106 1207 3174 pote·

107 3194 243 3256 rostatis.
283 3216 393 3263 terum
425 3194 563 3272 Quirites
597 3209 688 3263 antea
728 3196 841 3277 singuli
877 3194 959 3258 cives
994 3195 1029 3254 in
1056 3196 1206 3275 pluribus

216 3360 437 3415 1.ratsetttrttte
473 3367 499 3418 t.
519 3365 606 3417 invoa
641 3369 667 3417 4.
692 3371 721 3418 ut
745 3366 782 3417 illl
827 3368 853 3420 e.
878 3380 911 3421 ue
934 3363 1046 3432 amplius
1081 3367 1126 3423 tt.
1152 3383 1204 3434 qua

147 3436 233 3483 tamen
252 3433 337 3498 quinis
355 3433 448 3486 modiis
485 3436 526 3486 13.
546 3449 596 3485 uon
616 3436 725 3503 emplius
763 3439 805 3488 tt.
821 3436 914 3488 utillis
951 3440 993 3487 to.
1009 3435 1122 3487 ubsolvlt
1159 3442 1204 3493 lb.

146 3502 233 3568 ignavi
266 3504 411 3571 quoiusque
441 3504 604 3558 tenututmru
636 3522 697 3574 spes
723 3504 861 3561 frustretur
913 3507 958 3559 24.
985 3506 1041 3561 siue
1073 3521 1125 3563 uuo
1157 3516 1205 3561 eut

146 3573 278 3628 remittere
313 3579 359 3629 26.
377 3581 466 3629 natae
576 3584 585 3590 '

181 3715 305 3840 ⁰⁰}1'1118·
353 3706 380 3757 t.
408 3719 498 3756 censeo
548 3707 593 3759 to.
621 3711 648 3756 et
675 3701 794 3775 ignavus
827 3699 941 3775 quisque
968 3701 1127 3757 tenuissima
1155 3723 1202 3775 eps

232 3779 393 3823 restruatur

181 3898 224 3947 tt.
252 3894 345 3966 ignum
368 3895 499 3968 quietaque
525 3898 653 3952 renuisse·-
688 3899 860 3951 tenuissimue
874 3897 1110 3968 rporfrurtrutur.
1129 3902 1204 3954 Get·-

147 3966 436 4035 ntuspersrustrutur]
453 3967 568 4033 Egregie
581 3972 653 4024 Gro-
689 3969 785 4022 lucinius
802 3985 860 4022 ctttn
876 3971 982 4032 Cottio,
1001 3970 1062 4035 (utu
1076 3970 1202 4041 quoditie

146 4032 237 4085 notius
255 4043 282 4087 et
300 4039 416 4103 proxime
443 4037 476 4089 ad
506 4040 587 4091 Votic.
612 4057 652 4108 pt.
682 4039 889 4109 frustrotttrtr)t
926 4041 1039 4108 ignauos
1085 4040 1201 4115 quiaque

145 4100 374 4165 dttctttecortexitr
397 4107 490 4179 ignari
504 4109 652 4182 quoiusque
689 4112 855 4162 tsttuiruumu
872 4129 917 4180 ape
930 4110 1102 4181 frustratur.
