2536 4590
523 188 782 264 ...50-

120 389 225 451 timuie
264 406 296 447 se
331 376 530 465 potestatem)
561 375 693 460 imperio
728 397 838 456 prorsa
882 377 920 439 ad
956 376 1177 444 vindicandam

120 489 248 551 maximi
270 487 400 568 periculi
421 483 521 564 spolia
547 501 617 543 mus
637 481 741 540 ierant
763 500 800 541 eo
823 479 1007 542 immodicae
1038 480 1198 545 crudeli··

87 594 192 662 statis
213 589 339 650 licentia
365 606 440 648 usus
462 597 517 648 est.
569 584 693 646 Primus
720 582 791 658 ille,
827 595 857 643 et
887 583 1009 644 utinam
1037 584 1180 663 ultimus,

119 694 298 771 exemplum
320 686 557 769 proscriptionis
579 685 714 761 invenit,
736 697 772 745 ut
792 686 826 745 in
851 706 914 767 qua
936 685 1061 748 civitate
1087 697 1180 766 petu-

118 793 211 854 lantis
235 791 356 852 convici
384 788 535 849 iudicium
562 787 766 849 historiarum
796 807 837 847 cx
866 790 928 849 olto
958 788 1124 868 redditur,
1144 791 1197 851 int

121 916 156 956 ca
179 894 308 972 iugulati
332 893 407 953 civis
428 891 466 952 R.
487 889 631 970 publicae
645 889 886 951 constitueretur
907 902 1180 953 auctoramentum

116 997 349 1077 plurimumque
370 995 518 1068 liaberet,
549 992 603 1074 qui
633 992 787 1071 plurimos
819 993 1043 1071 interemisset,
1072 1014 1179 1078 neque

118 1099 211 1162 occisi
231 1098 329 1160 hostis
351 1117 446 1179 quum
471 1094 546 1157 civis
569 1094 696 1157 uberius
718 1095 799 1156 iurat
825 1096 1001 1175 praemium
1023 1096 1178 1179 fieretque

87 1203 251 1285 aquisque
271 1219 389 1262 merces
408 1198 517 1260 mortis
539 1217 624 1260 suae.
665 1196 731 1259 Nec
753 1209 863 1258 tamen.
880 1197 915 1258 in
936 1217 1006 1274 eos,
1030 1198 1087 1279 qui
1102 1218 1179 1262 oon·

118 1317 167 1367 tra
189 1324 275 1365 arma
295 1304 447 1376 tulerant,
476 1296 586 1360 sedin
611 1298 728 1360 inultos
764 1298 896 1360 insontis
926 1298 1090 1361 saevitum.
1124 1297 1210 1361 ad·1⁰

117 1408 232 1468 iectum
255 1403 366 1479 etiam,
389 1412 426 1463 ut
447 1404 533 1464 bona
555 1401 807 1482 proscriptorum
829 1400 972 1464 venirent
993 1400 1178 1485 exclusique

117 1506 256 1590 paternis
281 1505 394 1584 opibus
422 1504 515 1565 liberi
548 1505 642 1566 stiam
675 1501 884 1584 petendorum
912 1503 1073 1564 honorum
1107 1504 1179 1567 iure

116 1610 360 1692 prohiberentur
380 1607 554 1688 simulque,
582 1604 668 1689 quod
694 1603 943 1684 indignissimum
964 1618 1025 1677 est,
1051 1619 1179 1670 senato-

115 1731 187 1772 rum
207 1710 254 1770 fili
274 1720 306 1769 et
327 1729 424 1771 onera
453 1707 572 1772 ordinis
602 1709 812 1786 sustinerent,
843 1720 875 1771 et
901 1708 972 1768 iura
997 1708 1179 1789 perderent.

84 1855 99 1906 1
200 1829 324 1891 XXIX.
365 1827 431 1890 Sub
453 1826 620 1893 adventum
636 1829 669 1890 in
689 1826 810 1890 Italiam
825 1827 864 1890 L.
880 1827 985 1890 Sullae
1001 1826 1061 1891 Cn.
1077 1830 1174 1893 Pom·
1183 1854 1208 1895 ss

113 1932 220 2011 peius,
245 1932 311 1989 eius
341 1927 400 1989 Cn.
421 1930 564 2011 Pompeii
595 1922 822 2013 filius,‘quem
855 1929 1175 2008 magnificentissimas

113 2052 163 2093 res
183 2032 217 2091 in
239 2030 402 2091 consulatu
421 2032 549 2110 gessisse
573 2033 657 2096 bello
677 2033 814 2095 Marsico
837 2030 1062 2113 praediximus,
1079 2052 1175 2097 xxsss.

114 2154 213 2196 annos
236 2144 343 2209 natus,
366 2133 478 2194 abhinc
503 2154 601 2197 annos
626 2154 711 2196 oxru.
739 2135 869 2216 privatis
899 2146 936 2194 ut
965 2135 1098 2214 opibus,
1128 2136 1174 2197 its

112 2236 249 2299 consiliis
269 2255 380 2313 magna
412 2257 506 2301 ausus
537 2240 760 2321 magnificeque
793 2251 903 2300 conata
935 2251 1105 2317 executus,
1132 2238 1172 2301 sd

112 2336 330 2399 vindicandam
350 2336 636 2421 restituendamque
669 2338 849 2419 dignitatem
879 2342 1013 2420 patriae,
1043 2340 1207 2403 firmumso

111 2450 154 2500 'ex
174 2459 248 2519 agro
271 2438 405 2511 Piceno,
428 2440 483 2521 qui
501 2451 585 2502 totus
606 2443 745 2522 paternis
769 2443 834 2504 eius
860 2442 1009 2502 clientelis
1032 2444 1171 2507 refertus

75 2547 190 2618 zerat,
213 2541 369 2602 contraxit
391 2542 570 2605 exercitum.
618 2541 715 2605 Cuius
745 2544 807 2607 riri
839 2540 1021 2623 magnitudo
1049 2546 1170 2609 multo·

108 2664 181 2704 rum
202 2643 398 2707 voluminum
418 2644 517 2705 instar
549 2645 663 2724 exigit,
697 2643 753 2706 scd
782 2647 886 2727 operis
915 2643 1028 2706 modus
1058 2647 1169 2725 paucis

109 2732 182 2808 eum
202 2744 324 2809 narrari
343 2745 442 2807 iubet.
484 2744 559 2808 Fuit
579 2747 629 2807 hic
652 2749 774 2826 genitus
797 2760 896 2810 matre
916 2744 1039 2808 Lucilia
1060 2746 1169 2829 stirpis

179 2917 205 2966 t.
229 2913 346 2964 timuisse
371 2916 535 2980 potestatem)
567 2915 691 2982 imperio,
723 2930 775 2981 quo
802 2914 902 2981 priores
929 2910 962 2964 ad
987 2910 1168 2967 vindicandam

106 2983 225 3034 maximis
236 2984 356 3049 periculis
369 2998 424 3034 rem
436 2985 564 3050 publicam
575 2987 636 3039 olim
653 2986 691 3037 usi
706 2992 787 3049 erant,
805 3001 838 3036 eo
873 2986 900 3036 2.
913 2982 1051 3035 immodica
1086 2987 1113 3036 ὅ.
1125 2983 1167 3038 bt-

107 3053 200 3105 strioui
219 3060 312 3106 exacto
326 3052 443 3105 redditur
485 3060 510 3107 u.
528 3056 592 3108 ciris
609 3056 721 3111 Romani
739 3056 842 3125 publica
878 3057 904 3106 9.
923 3058 1023 3105 tantum

101 3191 229 3259 periculis
251 3209 303 3243 rem
330 3191 467 3260 publicam
488 3192 531 3244 usi
547 3194 615 3264 fue·
687 3202 713 3249 lt.
733 3195 853 3262 licentia]
873 3196 945 3248 de.
974 3192 1111 3246 licentium
1130 3196 1166 3249 li·

104 3271 187 3326 rant,
220 3261 372 3312 immodicae
393 3263 417 3316 b.
469 3264 499 3315 Its
533 3280 614 3333 marg.
686 3273 712 3321 d.
731 3264 917 3331 historiarum]
948 3264 1004 3319 AB.
1036 3264 1167 3319 histrioni

104 3334 179 3399 posui
214 3332 363 3384 Rulsnltenil
399 3334 614 3403 emendationem,
650 3337 702 3391 bit.
721 3334 906 3388 historiarium
922 3336 954 3387 P.

103 3402 152 3454 nisi
171 3403 240 3469 quod
261 3403 386 3469 probante
399 3405 531 3472 Ssuppio,
550 3422 612 3459 con·
684 3411 709 3459 5.
727 3424 761 3457 cx
774 3405 843 3473 alto]
858 3406 940 3460 sris.
951 3414 1046 3458 exacto
1053 3403 1164 3462 Rubris.

104 3473 247 3527 tradiceots
264 3473 385 3537 Baitero,
411 3481 470 3542 post
493 3490 532 3527 vr.
557 3495 612 3527 rem
647 3475 760 3542 (exoleto
775 3477 811 3543 b.)

100 3543 237 3613 publicam
257 3545 352 3596 inserui
371 3560 394 3596 v.
415 3543 490 3609 olim,
509 3560 542 3598 us
556 3547 612 3600 sina
682 3552 708 3599 6.
727 3547 792 3599 civis
811 3549 846 3599 R.
864 3543 1000 3613 publicae]
1029 3546 1062 3601 Α.
1094 3543 1163 3597 civis

104 3631 152 3667 usu
179 3617 293 3683 perirent
323 3618 425 3668 litteras
459 3614 513 3666 elia
534 3635 559 3666 m
586 3618 612 3671 io
646 3617 761 3668 Ronsam'
787 3614 894 3684 publica
917 3616 1059 3671 Puteanus.
1094 3614 1163 3669 civis

102 3686 249 3753 corruptela
266 3685 353 3752 spolia
371 3685 449 3740 musi.
495 3687 612 3755 Sauppio
645 3687 722 3756 Rsip.
735 3687 812 3741 Pois.

103 3763 237 3823 praeterea
259 3755 355 3808 suiliclt
380 3755 449 3807 baut
468 3754 511 3806 ita
530 3768 613 3824 nasta,
682 3762 708 3808 9.
727 3756 827 3823 tamon]
848 3756 946 3809 Al'bli.
973 3762 1082 3807 tentum
1100 3756 1161 3810 Ge·

102 3843 149 3893 pro
167 3825 316 3878 Rulrulteuii
334 3824 403 3875 taur
421 3825 463 3875 ita
479 3825 509 3876 in
528 3836 610 3883 maru.
646 3827 745 3892 lenius3
763 3842 852 3879 rursus
870 3828 988 3879 Ursinus.

101 3896 316 3948 cuiusrstiossns
331 3896 411 3948 multo
430 3902 543 3963 praestat
566 3913 609 3950 re·
682 3902 725 3952 14.
738 3897 798 3966 fils]
819 3899 849 3950 t.
861 3897 921 3964 filii
937 3895 1013 3949 Pbll.

101 3967 258 4019 certioribus
271 3966 357 4018 ctodtt
370 3971 396 4019 el
414 3965 528 4019 Iliadleri
541 3968 610 4036 apud
682 3972 724 4021 id.
750 3968 807 4020 eius
836 3968 882 4021 (ia.
905 3963 1035 4035 Pompeis]
1072 3964 1159 4022 APll.

100 4035 170 4103 ipsos
188 4037 349 4101 quaerendis.
644 4037 702 4088 eius
715 4039 835 4108 Pompeii
848 4038 872 4090 b.

134 4108 160 4157 2.
190 4104 354 4175 intrandicac]
374 4106 445 4159 Al’b.
471 4105 610 4160 immodr'ca
683 4113 725 4162 Π.
749 4109 778 4160 irs
807 4106 960 4173 aemulata]
993 4104 1094 4160 Aflbll.
1127 4104 1159 4159 s'n

100 4176 257 4231 Gronovius.
272 4176 301 4229 in
319 4176 538 4232 immodicam-ll.
645 4188 742 4232 senata
760 4180 792 4245 Ρ,
