2536 4590
549 191 830 269 „108-

130 383 270 448 aniano
291 383 438 449 vicesimo
458 402 541 445 anno
562 381 673 444 bellaci
692 381 789 458 Iulia,
811 382 933 462 sepulta
957 393 1101 458 externa,
1128 400 1230 447 revo-

164 500 231 549 cata
252 508 325 567 pax,
346 487 465 567 sopitus
486 485 605 567 ubique
628 505 787 547 armorum
809 485 919 562 furor,
940 484 1088 547 restituta
1107 483 1158 548 vis
1178 485 1229 549 le·

163 591 271 669 gibus,
295 589 417 652 iudiciis
438 588 622 665 auctoritas,
645 588 768 650 senatui
790 589 950 664 maiestas,
971 586 1142 668 imperium
1156 609 1229 657 ma÷

163 693 347 772 gistratuum
376 689 415 753 ad
444 690 613 772 pristinum
645 688 789 751 redactus
820 688 967 753 modum:
999 692 1228 755 tantummodo

90 790 108 803 ⁶
164 806 234 856 octo
257 794 455 874 praetoribus
477 791 608 854 adlectio
632 789 715 855 duo:
738 790 842 872 prisca
862 793 917 853 illa
938 793 1120 875 etantiqua
1140 793 1248 876 reip.5

130 897 266 959 aforma
286 909 441 958 revocata.
481 892 564 956 redit
583 895 684 956 cultus
706 894 806 972 agris,
835 895 931 955 sacris
960 895 1078 971 honos,
1103 897 1230 957 securi·

162 1010 209 1061 tas
230 999 430 1077 hominibus,
451 1009 535 1059 certa
557 998 670 1079 cuique
696 1018 804 1059 rerum
828 1016 955 1057 suarum
980 996 1156 1076 possessi03
1178 999 1230 1060 le·

162 1121 215 1181 ges
238 1098 420 1163 emendatae
442 1100 578 1177 utiliter,
599 1101 680 1162 latas
705 1098 889 1176 salubriter3
911 1111 1036 1161 senatus
1051 1098 1119 1161 sine
1133 1120 1229 1181 aspe-

98 1235 102 1243 ·
161 1203 252 1265 ritate
271 1224 329 1265 nec
351 1202 418 1265 sine
440 1203 603 1266 severitate
623 1203 734 1265 lectus.
776 1200 937 1282 Principes
953 1200 1014 1263 viri
1036 1201 1228 1283 triumphis·

163 1329 226 1390 que
251 1320 283 1371 et
310 1307 506 1388 amplissimis
531 1306 706 1368 honoribus
738 1305 840 1367 furtcti
870 1303 1037 1367 adhortatu
1066 1304 1261 1389 principiam

130 1407 202 1469 bad
232 1408 406 1470 ornandam
439 1410 549 1470 urbem
578 1407 686 1467 inlecti
718 1419 801 1469 sunt.
858 1405 1047 1469 Consulatus
1080 1420 1228 1473 tantum·

162 1509 258 1572 modo
283 1529 383 1593 usque
417 1508 457 1571 ad
484 1508 700 1586 undecimum,
736 1530 831 1591 quem
866 1508 1064 1571 continuaret
1093 1509 1227 1589 Caesar,

163 1632 234 1673 cum
256 1633 349 1693 saepe
378 1613 522 1679 obnitens
554 1623 773 1694 repugnasset,
800 1613 967 1691 impetrare
998 1609 1111 1691 potuit.
1146 1633 1227 1677 nam

162 1713 345 1778 dictaturam
376 1735 470 1797 quam
497 1716 699 1796 pertinaciter
727 1713 757 1778 ei
787 1711 947 1775 deferebat
968 1713 1124 1794 populus,
1156 1727 1225 1777 tam

127 1824 340 1881 bconstanter
365 1818 514 1899 reppulit.
562 1818 650 1879 Bella
670 1818 729 1879 sub
751 1815 938 1898 imperatore
966 1828 1051 1894 gesta
1074 1829 1259 1898 pacatus-rs

149 1912 225 2001 'que
252 1920 390 1983 victoriis
417 1932 574 1982 terrarum
604 1919 690 1981 orbis
718 1930 749 1980 et
774 1930 821 1979 tot
846 1931 936 1979 extra
967 1919 1090 1981 Italiam
1117 1918 1227 1985 domi-

162 2042 224 2102 que
242 2041 338 2100 opera
359 2041 452 2082 omne
475 2020 544 2083 aevi
570 2020 619 2082 sui
644 2020 780 2100 spatium
802 2020 1018 2101 impensurum
1046 2024 1081 2083 in
1108 2022 1145 2085 id
1166 2038 1227 2087 so·-

161 2125 227 2185 lum
250 2142 330 2203 opus
351 2122 535 2203 scriptorem
558 2122 701 2200 fatigant.
742 2121 809 2185 Nos
837 2144 991 2185 memores
1012 2124 1225 2205 professionis

162 2225 339 2288 universam
378 2224 544 2303 imaginem
576 2223 770 2306 principatus
802 2223 869 2287 eius
908 2227 1007 2288 oculis
1041 2227 1220 2312 animisque

160 2327 360 2388 subiecimus.
1226 2343 1254 2382 20

127 2433 143 2483 1
246 2428 316 2490 XO.
359 2425 517 2509 sepultis,
538 2441 574 2490 ut
594 2428 829 2510 praediximus,
861 2427 951 2490 bellis
980 2427 1125 2493 civilibus
1147 2449 1221 2493 cos·

157 2530 407 2613 lescentibusque
438 2531 518 2612 reip.
544 2533 693 2595 membris
717 2528 761 2615 -l-
792 2543 823 2594 et
857 2551 961 2593 coram
992 2532 1107 2607 aliero,
1135 2553 1219 2615 quae

158 2645 222 2695 tam
245 2633 339 2712 longa
359 2653 520 2695 armorum
537 2636 632 2698 series
646 2636 857 2710 laceraverat,
877 2632 1035 2695 Dalmatia
1049 2653 1107 2695 xx.
1128 2645 1159 2695 et
1173 2654 1220 2697 cc.

232 2755 258 2805 1.
275 2752 362 2805 Finita
405 2756 433 2806 1.
456 2751 525 2805 bella
550 2753 635 2805 civilia
677 2756 703 2807 4.
727 2752 861 2805 redactum
902 2756 930 2805 b.
949 2751 1043 2803 adlecti
1086 2753 1113 2803 d.
1139 2749 1220 2805 redttt

160 2826 203 2878 tn.
222 2840 298 2890 quem
317 2824 395 2877 tertio
415 2824 579 2877 continuaret
621 2824 818 2893 reimpetrari
856 2827 899 2876 15.
925 2823 975 2874 sub
999 2823 1158 2890 imperatore
1181 2838 1217 2875 eo

159 2900 235 2960 gesta
272 2897 315 2947 18.
335 2894 445 2962 fatigent
487 2898 532 2947 23.
552 2896 686 2949 Delmatia
699 2910 780 2948 annos
798 2909 845 2946 xx.
863 2899 891 2946 et
909 2909 949 2946 cc.

195 3001 220 3048 l.
236 2995 339 3065 Finito]
359 2999 391 3051 A.
409 2998 505 3050 Finita
519 3001 596 3055 Pbtt.
737 3002 782 3052 20.
798 2995 968 3066 subiecimus]
982 2994 1218 3053 amicantibu-

195 3072 220 3122 l.
240 3065 335 3118 bellaci
358 3068 445 3137 [aba]
475 3071 508 3124 A.
535 3069 606 3123 bello
629 3070 668 3122 ci·
702 3089 764 3123 mus
781 3070 918 3124 Acidalius.

158 3137 226 3190 villa
243 3139 318 3190 Pan.
737 3145 782 3193 22.
810 3138 929 3191 ntettsbris
954 3146 982 3189 et
1009 3154 1097 3191 coram
1121 3136 1218 3196 aliero.

193 3213 218 3259 d.
239 3208 377 3275 redactus]
393 3211 424 3262 A.
442 3209 582 3261 redactam
591 3211 669 3263 PbR.
703 3211 783 3281 quae]
812 3212 893 3264 APR.
911 3205 1045 3270 taessalatis,
1063 3206 1123 3273 (sed
1146 3202 1218 3261 cdrd

191 3281 219 3330 b.
235 3276 360 3343 adlectio]
381 3282 413 3331 A.
432 3278 533 3329 adlecti
549 3280 626 3334 PbR.
703 3281 785 3347 mali,
797 3282 887 3351 ferro)
907 3296 976 3350 quas
995 3278 1028 3333 0.
1046 3280 1102 3345 „lle
1118 3284 1217 3348 umen,

193 3353 219 3399 6.
237 3347 373 3414 revocata]
402 3349 502 3402 APbR.
536 3359 669 3402 renovata
703 3359 733 3403 nt
751 3351 820 3404 ferro
838 3354 932 3404 malum
952 3350 1111 3405 curaretur.”
1138 3350 1217 3419 tup-

157 3417 296 3472 Acidalius.
704 3429 825 3492 pocrates
842 3422 946 3491 Aptior.
962 3426 995 3487 8,
1011 3426 1038 3475 6.
1056 3414 1136 3473 ὁκόσα
1147 3418 1218 3491 φόρ-

192 3494 218 3542 6.
235 3487 316 3554 redit]
332 3490 363 3539 A.
382 3486 461 3538 rediit
477 3489 553 3542 PbR.
648 3505 654 3513 ·
703 3512 776 3554 μακει
804 3489 849 3544 oda
882 3494 968 3561 ὶῆται,
1000 3493 1109 3561 σίδηρος
1132 3494 1217 3562 laisan

195 3566 237 3613 to.
257 3558 668 3624 adhortatu]A.lsortatuPbR.
704 3565 847 3632 Desperata
878 3571 964 3615 tannen
991 3562 1055 3616 llaec
1087 3564 1219 3617 medicina

192 3635 236 3683 12.
256 3647 332 3700 quem
366 3631 546 3699 constitutores]
586 3632 667 3685 APR.
704 3636 759 3687 visa
778 3642 818 3686 est
836 3635 942 3686 Baitero
966 3650 1033 3688 niso.
1070 3634 1168 3687 llellor
1186 3641 1219 3687 ut

157 3720 235 3773 quem
248 3700 329 3752 tertio
349 3700 518 3752 corstiauaret
532 3704 565 3754 0.
585 3703 614 3755 ln
626 3704 668 3754 lit·
704 3706 849 3772 reperiatur
866 3720 900 3757 ex
925 3706 1010 3757 animo
1034 3710 1107 3774 opto.
1133 3722 1220 3759 mens-

158 3781 214 3825 tera
233 3791 258 3823 m
276 3774 339 3824 lutet
363 3771 465 3836 signina
492 3775 592 3826 numeri
616 3790 666 3826 m.
703 3775 774 3831 bris.
793 3793 862 3846 quae
881 3776 907 3828 b.

158 3845 200 3907 (nt
220 3845 388 3895 continuaret
406 3842 442 3907 b.)
738 3851 782 3898 23.
801 3844 956 3911 Dalmatia]
967 3842 1220 3899 APbRAEaImatta

197 3919 237 3966 ts.
246 3913 482 3983 impetrare].·lPR.
493 3912 632 3978 impetrari
641 3915 666 3968 b.
703 3919 736 3969 0.
764 3934 797 3969 ex
821 3917 1008 3970 cousuetudine
1032 3917 1136 3970 Vellsil.

194 3989 237 4035 15.
256 3983 306 4036 sub
323 3983 492 4052 imperatore]
502 3983 601 4037 nt’btt.
617 3984 667 4036 sub
696 4022 705 4035 .
737 3992 781 4042 23.
800 4005 853 4042 xx.
864 3997 891 4037 et
904 3987 958 4053 cc.]
976 3987 1047 4040 APlt.
1060 4006 1147 4039 usuros
1161 4005 1218 4041 xx.

157 4050 316 4120 imperatore
331 4072 363 4113 so
380 4058 414 4109 0.
702 4066 728 4108 et
745 4076 786 4111 cc.
800 4061 833 4112 Ο.
852 4060 958 4111 Scilicet
975 4067 1041 4107 nota
1062 4060 1093 4111 A.
1108 4058 1218 4125 (uestros)

194 4127 236 4174 18.
260 4124 403 4194 fatigant]
434 4123 506 4178 At’b.
540 4122 666 4195 fatigent
704 4132 767 4182 latet
780 4131 806 4182 lu
820 4129 868 4182 litt.
887 4146 904 4177 a
922 4128 1103 4197 praecedente.
1121 4141 1218 4187 met

158 4192 297 4247 Acidaliae.
316 4196 351 4246 R.
703 4216 745 4255 cc.
764 4200 870 4267 [sanos]
889 4201 1001 4268 Lipsius.
1020 4201 1055 4254 R.
