2536 4590
474 157 733 236 ..59-

70 350 131 415 Cn.
153 351 323 432 Pompeius
344 348 546 412 memorabile
568 345 717 413 adversus
738 349 958 431 Mithridaten,
978 353 1034 437 qui
1056 366 1128 435 post

70 453 202 517 Luculli
224 453 450 535 profectionem
473 473 600 532 magnas
622 454 698 515 novi
718 455 871 515 exercitus
886 456 979 518 vireis
1000 478 1127 537 repara·

38 572 176 636 evenat,
200 559 317 620 bellum
339 558 441 635 gessit.
482 555 523 616 At
552 574 612 616 rex
642 556 731 616 fusus
763 558 949 638 fugatusque
973 571 1004 618 et
1026 558 1127 619 omni:

69 668 130 727 bus
151 673 266 725 exutus
287 659 384 739 copiis
406 658 587 719 Armeniam
609 658 840 741 Tigranemque
870 679 1014 722 socerum
1042 662 1128 739 petit,

69 786 177 848 regem
192 766 259 824 eius
270 762 443 843 ¹temporis,
465 762 527 822 nisi
544 762 618 843 quia
636 759 763 822 Luculli
776 763 870 824 armis
884 772 951 823 erat
965 763 1147 835 infractus‚s

35 865 334 952 apotentissimum.
377 862 478 924 Simul
503 864 609 946 itaque
638 862 717 926 duos
749 875 931 945 persecutus
959 866 1130 946 Pompeius

70 969 202 1033 intravit
220 966 410 1029 Armeniam.
455 967 544 1047 prior
563 967 646 1029 filius
668 968 828 1046 Tigranis,
851 967 906 1030 sed
934 966 1050 1030 discors
1074 992 1130 1051 pa-

71 1072 133 1150 tri,
152 1069 294 1151 pervenit
315 1067 355 1130 ad
376 1070 576 1150 Pompeium3
594 1090 672 1132 mox
693 1072 760 1150 ipse
782 1072 918 1151 supplex
932 1080 963 1132 e't
981 1092 1130 1152 praeseus

37 1187 108 1236 tse
128 1192 321 1253 regnumque
351 1168 467 1232 dicioni
491 1171 557 1235 eius
588 1172 750 1252 permisit,
782 1175 941 1253 praefatum
973 1177 1131 1243 neminem

71 1277 172 1337 alium
193 1294 295 1356 neque
316 1273 496 1334 Romanum
517 1293 621 1356 neque
643 1275 738 1335 ullius
769 1276 867 1352 gentis
906 1275 1010 1337 virum
1045 1277 1131 1336 futu·
1140 1302 1166 1338 10

70 1397 146 1438 rum
169 1377 282 1453 fuisse,
306 1375 394 1438 cuius
423 1396 456 1437 se
485 1375 626 1436 societati
656 1376 878 1438 commissurus
902 1378 1003 1454 foret,
1036 1398 1130 1459 quam

73 1478 133 1542 Cn.
161 1478 363 1560 Pompeium3
387 1475 522 1558 proinde
554 1497 680 1538 omnem
713 1478 775 1540 sibi
805 1480 856 1542 vel
887 1479 1049 1543 adversam
1080 1480 1131 1543 vel

74 1578 264 1658 secundam,
287 1584 376 1642 cuius
398 1593 508 1641 auctor
534 1581 587 1640 ille
622 1593 716 1656 esset,
745 1582 906 1643 fortunam
936 1584 1131 1645 tolerabilem
1216 1623 1220 1629 -

73 1683 225 1746 futuram.
260 1704 327 1746 non
349 1704 415 1744 esse
438 1695 530 1763 turpe
553 1684 592 1743 ab
615 1702 653 1743 eo
674 1684 773 1758 vinci,
798 1705 892 1764 quem
905 1686 1030 1747 vincere
1052 1699 1132 1746 esset

73 1786 184 1864 nesus,
203 1805 306 1868 neque
328 1786 493 1847 inhoneste
521 1786 658 1866 aliquem
682 1786 846 1862 summitti,
880 1806 973 1867 quem
1004 1787 1168 1846 fortunate

40 1898 173 1969 {isuper
193 1887 295 1949 omnis
317 1889 486 1950 extulisset.
529 1887 677 1950 Servatum
698 1887 764 1965 regi
784 1889 887 1948 honos
914 1887 1046 1967 imperi,
1077 1885 1133 1947 sed

72 1992 209 2055 multato
229 1991 349 2069 ingenti
366 1992 512 2073 pecunia.
545 2012 626 2074 quae
649 1991 767 2067 omnis,
790 1985 880 2052 sicuti
894 1989 1046 2070 Pompeio
1063 2009 1133 2050 mo·

71 2096 119 2157 ris
141 2106 224 2169 erat,
245 2091 370 2158 redacta
383 2095 418 2156 in
443 2096 617 2180 quaestoris
639 2106 824 2178 potestatem
849 2119 885 2159 ac
915 2096 1048 2179 publicis
1078 2096 1133 2159 de·

72 2197 189 2280 scriptu
213 2199 335 2262 litteris.
378 2199 470 2282 Syria
495 2198 654 2283 aliaeque,
685 2222 763 2281 quas
791 2214 1034 2280 occupaverant,
1057 2222 1132 2281 pro·

71 2299 196 2363 vinciae
218 2313 362 2383 ereptae,
386 2314 417 2365 et
438 2302 515 2363 aliae
534 2302 695 2365 restitutae
718 2304 753 2365 P.
775 2303 830 2380 R.,
862 2304 940 2364 aliae
966 2316 1033 2365 tum
1065 2305 1169 2385 pri-eo

71 2423 162 2463 mum
197 2402 232 2463 in
266 2403 333 2464 eius
365 2417 551 2485 potestatem
575 2403 736 2479 redactae,
758 2417 792 2465 ut
819 2404 927 2486 Syria,
957 2426 1036 2487 quae
1065 2418 1133 2466 tum

71 2502 213 2583 primum
239 2503 321 2566 tacta
342 2519 388 2568 est
417 2506 629 2589 stipendiaria.
680 2507 767 2570 Finis
798 2506 911 2587 imperi
938 2509 1005 2585 regi
1025 2508 1133 2568 termi-

74 2616 170 2669 natus
189 2606 347 2671 Armenia.

42 2720 59 2772 1
163 2708 348 2791 XXXVIII.
391 2709 485 2771 Haud
509 2708 682 2775 absurdum
704 2708 828 2772 videtur
854 2708 1008 2789 propositi
1032 2706 1136 2788 operis

74 2812 204 2890 regulae
225 2812 334 2892 paucis
356 2834 554 2893 percurrere,
577 2833 657 2895 quae
691 2812 841 2892 cuiusque
872 2809 968 2868 ductu
997 2830 1071 2886 gens
1099 2832 1171 2874 acas

74 2914 164 2977 natio
191 2912 318 2975 redacta
339 2913 371 2974 in
394 2916 562 2977 formulam
583 2914 763 2996 provinciae
789 2908 942 2990 stipendia
965 2922 1057 2990 pacta
1085 2911 1134 2975 sit.

73 3016 263 3081 Notavimus
284 3017 408 3078 facilius
428 3030 463 3077 ut
485 3040 565 3100 quse
586 3016 737 3097 'partibus
769 3013 862 3074 sinrul
891 3015 1038 3074 universe
1059 3032 1135 3074 con-

149 3179 176 3228 4.
195 3176 293 3227 eodum
313 3175 388 3242 petiit
425 3180 450 3227 5.
470 3176 588 3242 nisique
633 3177 678 3226 11.
703 3173 826 3239 potestati
869 3175 912 3224 15.
938 3185 1023 3237 neque
1046 3172 1070 3224 ei
1093 3172 1134 3223 in-

76 3245 188 3300 honeste
224 3249 267 3299 19.
285 3252 458 3314 occupaverat
503 3251 548 3300 22.
568 3246 654 3312 (regit)
689 3247 733 3296 26.
754 3242 921 3312 stipendiaria
938 3243 1007 3296 facts
1026 3243 1068 3296 tlt.
1104 3242 1135 3294 ld

75 3318 241 3373 munimus,
259 3317 361 3368 facilius
378 3323 499 3382 utquam
517 3318 635 3386 pertibus
651 3315 728 3368 simul

115 3464 142 3512 l.
159 3460 249 3512 nubet
274 3460 321 3524 Α.,
339 3466 368 3511 ut
383 3461 441 3513 PR.
458 3460 483 3514 h.
498 3463 516 3514 Ι.
531 3461 590 3512 Mi·
659 3463 702 3511 19.
721 3458 929 3524 occupaverant]
949 3459 1003 3510 ΑΡ.
1022 3474 1138 3525 occupa·

76 3530 221 3582 tlrn'duten
234 3537 261 3581 et
273 3530 365 3590 vireis,
381 3533 589 3596 utP.(viresR.)
623 3539 701 3582 verat
723 3530 773 3579 er.

114 3604 143 3651 8·
161 3600 216 3666 Aa]
236 3601 336 3652 tntu.
355 3602 399 3650 Ac
412 3601 443 3652 P.
660 3604 705 3649 22.
722 3596 790 3665 rege]
806 3597 860 3648 ΑΡ.
877 3618 913 3641 =
929 3594 997 3666 regii
1004 3595 1136 3650 uetustus.

114 3674 143 3724 4.
160 3671 290 3736 socerum]
311 3671 409 3723 APbR.
427 3671 526 3721 socium
534 3669 592 3723 He·
625 3669 662 3722 R.
682 3666 753 3735 regis
772 3667 797 3716 b.

76 3741 169 3803 rdine.
186 3758 313 3809 generum
332 3741 421 3794 Altius.
662 3741 707 3788 26.
725 3733 861 3803 stipendia
878 3735 1021 3802 pactnsit]
1036 3735 1135 3788 APbR.

115 3814 144 3865 4.
156 3810 240 3879 petie]
259 3812 340 3863 APR.
355 3810 437 3878 petiit
456 3812 482 3864 b.
626 3808 718 3875 „Altos
752 3805 931 3872 stipendiaria
955 3806 1041 3874 sacta
1073 3805 1138 3859 sit.''

115 3886 143 3934 o.
163 3881 319 3951 quia]APb.
336 3898 391 3949 qua
407 3879 589 3932 Gruterusll.
627 3875 829 3940 Amerbachius3
848 3878 909 3928 item
928 3877 1043 3943 Lipsius.

118 3955 163 4003 11.
179 3966 209 4001 se
218 3951 354 4016 societati]
361 3953 416 4004 ΑΡ.
427 3970 455 4003 se
459 3950 592 4020 potestati
660 3953 706 4001 nt.
721 3947 883 4000 Notavimus
889 3946 1008 4016 facilior
1016 3956 1047 3996 ut
1056 3949 1137 4017 quus]

78 4022 174 4076 Aldus.
193 4020 230 4074 R.
248 4021 353 4089 sefider‘
369 4023 396 4072 b.
627 4022 681 4074 ΑΡ.
718 4019 754 4069 Id
777 4015 944 4073 notabimus,
964 4016 1085 4086 facilius
1105 4026 1139 4068 ut

118 4096 164 4145 ts.
181 4108 267 4163 neque
288 4092 437 4158 inhoneste]
463 4093 516 4144 ΑΡ.
546 4110 591 4141 ne·
626 4109 708 4162 quam
719 4089 824 4142 nullut.
842 4088 898 4151 (sit,
915 4087 1074 4145 notabimus,
1082 4089 1136 4157 sn·

79 4178 137 4237 que
155 4162 182 4214 ei
202 4161 342 4215 inhoneste
364 4161 514 4221 Rhenanus.
540 4163 591 4214 ott.
626 4161 705 4213 cilius
719 4169 839 4231 utquam
848 4160 882 4212 R.
891 4158 941 4225 sit,
951 4168 981 4211 ut
992 4161 1057 4224 <ciel
1072 4164 1144 4227 quus
