2536 4590
511 201 741 273 ..5...

87 382 206 451 ‘Huius
226 389 308 452 filius
326 386 446 450 Medon
470 388 592 468 primus
626 388 743 448 archon
768 389 899 452 Athenis
927 391 994 455 fuit.
1025 397 1064 456 ab
1092 397 1152 459 hoc

102 493 221 574 posteri
247 491 333 572 apud
355 491 474 551 Atticos
505 489 579 549 dicti
599 487 814 580 Medontidae:
839 492 894 552 sed
918 497 965 556 hii
987 497 1153 580 insequen-

103 609 213 675 tesque
236 595 402 653 archontes
426 613 525 674 usque
540 591 580 652 ad
595 592 787 671 Charopem,
810 593 885 654 dum
905 596 1060 677 viverent,
1083 621 1154 662 eum

104 699 261 756 honorem
294 692 495 773 usurpabant.
555 696 766 774 Peloponnesi
803 694 1010 774 digredientes
1041 703 1155 765 finibus

105 799 211 858 Atticis
231 797 390 875 Megaram
412 797 545 857 mediam
567 798 719 858 Corintho
740 798 934 881 Athenisque
954 804 1066 863 urbem
1081 822 1174 865 con-s

70 899 221 963 3didere.
263 900 309 957 Ea
325 912 505 979 tempestate
528 913 558 959 et
585 901 682 980 Tyria
705 900 808 960 classis
836 905 1007 981 plurimum
1033 909 1157 986 pollens

103 1002 184 1060 nrari
208 1002 241 1059 in
262 1002 372 1062 ultimo
394 1003 563 1080 Hispaniae
585 1014 705 1076 tractu,
729 1003 761 1061 in
784 1016 924 1067 extremo
946 1009 1048 1069 nostri
1069 1008 1155 1070 orbis

107 1104 260 1174 termino,
284 1103 387 1160 insula
413 1105 632 1162 circumfusam
663 1101 806 1179 Oceano,
832 1109 1003 1185 perexiguo
1035 1131 1053 1168 a
1080 1131 1155 1171 con-

105 1204 219 1263 tinenti
249 1201 379 1262 divisam
411 1205 492 1265 freto
525 1205 620 1264 Gadis
654 1204 801 1264 condidit.
857 1209 906 1267 Ab
943 1208 1053 1270 iisdem
1084 1223 1156 1292 post

106 1325 223 1384 paucos
245 1325 343 1365 annos
368 1305 403 1363 in
430 1306 536 1365 Africa
572 1306 663 1366 Utica
696 1306 819 1366 condita
850 1320 906 1369 est.
957 1309 1084 1371 Exclusi
1116 1316 1192 1374 abto

104 1406 278 1466 Heraclidis
302 1405 420 1468 Orestis
441 1409 533 1467 liberi
552 1408 719 1488 iactatique
742 1430 811 1468 cum
824 1411 918 1470 variis
939 1414 1069 1488 casibus,
1090 1427 1156 1474 tum

104 1511 232 1570 saevitia
259 1509 367 1585 maris,
399 1512 509 1590 quinto
539 1508 659 1570 decimo
688 1531 771 1570 anno
805 1509 910 1570 sedem
939 1534 1049 1593 cepere
1076 1516 1157 1577 circa

104 1614 242 1674 Lesbum
263 1612 408 1672 insulam.

71 1717 87 1766 1
189 1714 244 1773 111.
288 1714 370 1772 Tum
401 1712 532 1771 Graecia
566 1711 710 1771 maximis
743 1731 892 1772 concussa
925 1727 971 1774 est
1008 1716 1155 1778 motibus.

104 1815 222 1874 Achaei
255 1834 295 1873 ex
323 1814 482 1873 Laconica
515 1813 600 1892 pulsi
633 1832 684 1871 eas
721 1833 913 1890 occupavere
945 1816 1048 1893 sedes,
1078 1840 1191 1898 quasis

104 1937 189 1975 nunc
212 1916 364 1976 obtinent.
415 1896 536 1991 Pelasgi
564 1914 704 1972 Athenas
735 1916 990 1991 commigravere:
1024 1932 1157 2002 acerque

104 2020 178 2077 belli
199 2019 320 2077 iuvenis
342 2017 470 2077 nomine
492 2017 678 2091 Thessalus,
700 2017 828 2075 natione
844 2017 1063 2098 Thesprotius,
1085 2044 1156 2085 cmn

104 2141 216 2198 magna
237 2120 352 2180 civium
372 2140 468 2178 manu
491 2140 559 2180 eam
577 2119 737 2197 regionem
760 2118 853 2178 armis
875 2125 1051 2199 occupavit,
1074 2145 1155 2204 quae

105 2243 189 2282 nunc
212 2224 251 2282 ab
274 2222 340 2281 eius
362 2221 489 2281 nomine
512 2222 672 2281 Thessalia
702 2221 891 2296 appellatur,
925 2234 996 2280 ante
1022 2224 1157 2304 Myrmi-

72 2342 90 2392 2
107 2323 225 2384 donum
245 2325 380 2386 vocitata
403 2324 519 2382 civitas.
563 2320 634 2395 Quo
656 2321 782 2380 nomine
806 2323 915 2380 mirari
931 2325 1077 2384 convenit
1093 2345 1191 2403 eos,20

106 2428 163 2506 qui
184 2428 276 2486 Iliaca
298 2438 517 2504 componentes
539 2436 681 2504 tempora
703 2421 741 2482 de
764 2445 800 2483 ea
819 2425 945 2500 regione
966 2437 1002 2485 ut
1022 2427 1156 2488 Thessa-

105 2531 148 2589 lia
167 2502 420 2590 commemoranl.
449 2526 535 2608 quod
556 2547 625 2587 cum
648 2527 701 2585 alii
715 2526 845 2600 saciant,
867 2527 988 2604 Tragici
1007 2529 1157 2609 frequen·

104 2632 223 2690 tissime
245 2632 379 2705 iaciunt,
402 2631 515 2710 quibus
536 2630 663 2688 minime
683 2627 716 2687 id
738 2626 971 2689 concedendum
993 2643 1053 2690 est:
1077 2632 1158 2692 nihil

106 2734 189 2792 enim
212 2753 253 2790 ex
276 2752 411 2811 persona
431 2738 561 2812 po'e‘tae,
587 2729 642 2790 sed
665 2731 770 2790 omnia
791 2731 848 2790 sub
872 2752 998 2807 eornm,
1027 2735 1082 2810 qui
1100 2734 1155 2793 illo

104 2847 247 2913 tempore
278 2835 440 2904 vixerunt,
474 2831 639 2894 dixerunt.
673 2831 758 2913 quod
793 2834 820 2890 si
852 2832 921 2910 quis
955 2852 973 2889 a
1001 2833 1152 2897 Thessalo
1163 2859 1192 2901 25

104 2936 249 2996 Herculis
270 2935 334 2996 filio
357 2956 410 2997 eos
433 2937 603 3016 appellatos
622 2935 789 2995 Thessalos
812 2931 908 3008 dicet,
930 2931 1088 2996 reddenda
1100 2941 1160 3001 erit

106 3040 138 3098 ei
157 3040 252 3112 ratio,
274 3060 330 3098 cur
350 3060 512 3120 nunquam
537 3050 608 3098 ante
631 3038 715 3096 hunc
736 3036 951 3116 insequentem
974 3037 1158 3102 Thessalum

71 3161 144 3210 gen
166 3162 240 3218 gens
260 3139 293 3201 id
315 3141 451 3202 nominis
473 3140 681 3220 usurpaverit.
722 3139 821 3199 Paulo
843 3151 914 3199 ante
932 3141 1035 3201 Aletes
1052 3156 1158 3203 sextus

107 3246 148 3303 ab
170 3244 324 3320 Hercule,
345 3243 492 3322 Hippotis
514 3246 614 3320 filius,
638 3241 843 3317 Corinthum,
867 3261 946 3321 quae
969 3255 1060 3303 antea
1088 3244 1158 3303 fue-

104 3359 155 3406 rat
174 3345 318 3427 Ephyre,
341 3348 474 3406 claustra
495 3345 705 3426 Peloponnesi
732 3344 956 3420 continentem,
983 3344 1018 3404 in
1039 3345 1156 3408 Isthmo
1165 3371 1194 3412 sc

178 3530 205 3578 2.
224 3525 265 3579 hic
301 3530 327 3580 4.
345 3529 530 3597 Peloponnesii
566 3535 592 3583 8.
610 3486 718 3582 idsulem
757 3532 802 3580 25.
821 3527 958 3580 disserunt.

142 3671 168 3718 2.
185 3667 235 3733 liii]
244 3671 275 3721 P.
297 3671 340 3721 tic
356 3674 455 3726 Sosius.
470 3673 499 3722 bi
510 3675 535 3726 h.
547 3673 568 3722 ii
581 3675 616 3727 R.
688 3676 731 3723 12.
755 3668 837 3732 circa]
860 3668 936 3720 Pbtt.
970 3677 1064 3719 contra
1095 3670 1159 3724 Iani.

142 3743 168 3788 4.
189 3739 372 3806 Peloponnesi]
393 3745 424 3798 P.
454 3745 619 3812 Peloponne-
652 3757 740 3807 cepere
758 3736 872 3788 Lesbum
895 3738 1012 3789 insulam
1029 3741 1161 3813 circaque·

103 3808 141 3860 sii
160 3809 212 3859 bR.
653 3810 784 3863 Heinsius.
807 3808 861 3860 Sed
881 3809 926 3861 cfr.
941 3811 1049 3865 Walchii
1062 3817 1160 3866 Erren-

142 3885 169 3929 7.
188 3889 298 3945 tractu,
328 3880 356 3929 in
385 3884 511 3948 extremo]
542 3883 618 3935 Pbtt.
655 3881 726 3935 dall·
744 3880 805 3934 le.
825 3885 904 3947 p-25-

103 3957 218 4002 tractu,
235 3961 351 4002 extremo
368 3953 505 4004 Ruhnken.
691 3955 732 4003 tt.
752 3948 823 4015 betti]
841 3952 916 4003 PbR.
942 3949 1008 4000 bello
1026 3953 1160 4005 Gelenius.
1193 3982 1210 4008 ι,
1255 3979 1257 3984 ·

143 4024 171 4072 8.
189 4018 330 4085 ιἠεαῖιι]Ρ,
342 4022 459 4074 insolam
473 4025 556 4075 luuta.
567 4023 618 4076 bR.
689 4026 734 4075 25.
752 4021 888 4084 dixerunt]
901 4022 976 4073 Pbtt.
989 4019 1161 4072 disseruero.
1251 4032 1256 4043 ”·

144 4094 188 4140 10.
215 4091 333 4158 condito]
363 4094 439 4146 PbR.
470 4094 619 4145 constituta
655 4091 759 4156 (dicum
777 4090 903 4153 Cludius.)

104 4159 215 4214 Ruunt.
688 4153 1196 4225 ⁶28.sextushPhhh.quiutushhnssxffi·

814 4261 858 4329 ἱ.
