2536 4590
464 246 751 339 „163-

50 430 266 496 incommodi
288 424 434 495 demitur.
464 432 576 516 Neque
598 451 684 499 mox.
718 436 846 519 Ingenio
869 431 1009 524 corporis
1025 432 1132 512 'hone-

51 534 143 597 stius
170 553 269 617 quam
289 546 453 615 provestra
484 537 583 596 salute
611 535 707 599 finem
737 541 820 602 vitae
850 543 987 607 fecerim.
1022 546 1132 611 adsum

52 632 111 699 eN
134 632 178 696 0.
200 632 295 697 Cotta
315 637 425 697 consul
444 636 525 698 facio
548 635 634 719 quod
658 660 756 721 saepe
778 643 911 705 maiores
925 649 1043 725 asperis
1064 651 1132 711 bel·

50 736 98 797 lia
123 736 237 797 fecere
257 756 359 800 voveo
388 735 605 829 dedoque'me
626 759 686 819 pro
714 762 781 822 rep.
811 765 906 825 quam
939 744 1051 809 deinde
1081 752 1131 812 cui

51 832 224 899 mandetis
245 836 363 898 circum
384 837 502 919 spicite.
545 837 744 916 Namtalcm
767 844 924 907 honorem
944 848 1048 909 bonus
1072 869 1148 909 ne·s

52 941 231 1003 movolet
252 924 323 1001 euin
345 941 491 1000 fortunae
520 949 552 999 ct
576 941 671 1002 maris
693 955 722 1003 et
743 945 819 1006 belli
840 947 879 1009 ab
902 947 969 1007 aliis
998 950 1056 1010 acti
1077 970 1130 1011 ra·

51 1042 105 1103 tio
130 1038 299 1104 reddenda
320 1053 375 1102 aut
401 1038 536 1120 turpiter
555 1041 754 1104 moriendum
775 1046 825 1109 sit.
846 1047 1062 1111 tantummodo
1093 1052 1128 1111 in

52 1138 180 1204 animis
203 1142 351 1204 habetote
372 1141 445 1203 Non
477 1161 528 1202 me
552 1142 695 1203 obscelus
723 1157 777 1206 aut
809 1147 971 1210 avaritiam
1004 1170 1127 1213 caesum

52 1241 118 1305 aed
142 1244 273 1305 volente
292 1264 352 1324 pro
373 1242 518 1304 maximis
539 1242 697 1304 beneficiis
720 1246 857 1307 animam
878 1246 963 1309 dono
995 1247 1125 1317 dedisse.

14 1354 37 1408 5
58 1337 67 1398 Ι
73 1363 143 1423 per
163 1363 221 1406 vos
242 1341 379 1419 Quirites
401 1355 432 1405 et
451 1343 583 1420 gloriam
607 1345 760 1407 maiorum
782 1350 911 1410 tolerate
929 1348 1072 1413 advorsa.
1094 1366 1161 1414 etto

56 1443 223 1504 consulite
242 1444 292 1506 rei
319 1445 464 1526 publicae
493 1445 592 1505 multa
624 1467 698 1508 cura
727 1468 849 1512 suanno
881 1449 1015 1530 imperio
1046 1455 1129 1517 inest

55 1544 163 1606 multi
181 1545 320 1623 ingentes
339 1546 466 1608 labores
498 1566 577 1627 quos
605 1548 798 1630 nequiquam
829 1552 966 1613 abnuitis
989 1565 1020 1612 et
1040 1556 1126 1635 pacis

57 1645 263 1727 opulentiam
284 1647 434 1729 quaeritis
456 1667 527 1707 cum
559 1667 669 1708 omnes
690 1651 869 1728 provinciae
903 1672 1000 1730 regna
1028 1656 1125 1718 maria

51 1761 206 1831 terraeq.
226 1767 337 1829 aspera
357 1761 411 1810 aut
431 1749 513 1812 fessa
534 1750 624 1810 bellis
646 1749 719 1813 sint.

125 1958 326 2029 -onarto
360 1956 523 2026 ntum
554 1963 686 2028 rnre.
717 1963 858 2028 enan.
888 1920 955 2026 in
987 1964 1059 2028 et..
1130 1984 1157 2025 a

23 2142 40 2193 ι
154 2116 189 2179 st
211 2116 349 2194 Quirites
369 2138 482 2199 parum
506 2119 725 2182 existimaretis
754 2117 832 2202 quid
860 2093 1034 2182 interiusa
1055 2143 1122 2182 ma·

61 2220 189 2284 iuribus
208 2221 352 2282 relictum
379 2220 469 2285 vobis
491 2233 521 2282 et
543 2222 604 2283 hoc
625 2243 643 2283 a
666 2222 753 2282 Sulla
784 2231 928 2300 paratum
960 2221 1122 2284 servitium

61 2323 231 2385 interesset
249 2323 355 2384 multis
379 2323 458 2382 milri
480 2320 694 2383 disserendum
716 2323 777 2383 fuit
806 2319 1002 2404 docendique
1028 2345 1122 2407 quas.

63 2425 241 2490 obiniorias
263 2437 293 2485 et
315 2424 458 2506 quotiens
479 2445 498 2484 a
518 2425 659 2505 patribus
681 2435 800 2486 armata
819 2422 926 2504 plebes
949 2423 1123 2486 secessisset

63 2527 178 2608 utique
200 2523 339 2591 vindices
359 2516 533 2605 paravisset
552 2525 653 2588 omnis
674 2526 752 2587 iuris
772 2525 832 2586 sui.
852 2525 919 2585 TR.
933 2524 998 2586 PL.
1019 2524 1159 2593 ,Nuncre

65 2626 192 2690 hortari
223 2624 319 2689 modo
351 2627 504 2687 relicuum
534 2638 580 2688 est
607 2638 638 2687 et
666 2626 850 2707 ireprimum
881 2624 934 2686 via
968 2645 1122 2707 quacapes

32 2724 199 2801 zaendam
218 2726 357 2789 arbitror
377 2727 562 2798 libertatem.
603 2726 716 2809 Neque
741 2746 790 2786 me
810 2725 959 2804 praeterit
989 2739 1122 2806 quantas

62 2849 143 2911 opes
165 2827 346 2890 Nobilitatis
368 2829 452 2889 solus
473 2828 630 2908 impotens
650 2825 1036 2907 inanispeciemagistratua
1054 2828 1122 2908 pel·

61 2935 132 2992 lere
154 2918 366 2999 dominatione
390 2927 538 3009 incipiam
563 2941 745 3010 quantoque
770 2925 867 2987 tutius
891 2925 965 2985 sacti
988 2926 1122 2989 onoxio·

62 3053 140 3096 rum
160 3042 239 3111 agat.
258 3049 353 3113 quam
373 3032 433 3092 soli
452 3033 643 3093 innocentes.
684 3030 740 3091 Set
755 3040 880 3109 praeter
898 3047 986 3108 spem
1004 3016 1163 3088 bonames'

134 3174 164 3224 2.
181 3185 229 3239 pto
247 3175 334 3224 vestra
369 3171 605 3238 §.circumspicite
646 3173 672 3222 8.
691 3166 725 3221 ob
743 3169 829 3219 scelus
866 3170 892 3220 9.
910 3168 1040 3218 volentem
1078 3169 1122 3219 tn.

59 3241 241 3310 nequidquam
277 3244 320 3294 lo.
338 3241 463 3293 interius
500 3246 544 3295 to.
570 3257 634 3306 quas
660 3240 694 3290 ob
722 3239 829 3290 iniurias
873 3241 918 3289 at.
945 3237 984 3288 ire
1010 3238 1122 3304 priorum

60 3318 105 3368 ria
121 3327 174 3380 qua
188 3311 374 3379 capessundam
410 3316 455 3365 2³.
469 3312 538 3364 inani
550 3313 638 3379 specie
653 3310 818 3376 magistratus
835 3311 880 3362 nt.
894 3307 973 3360 iactio
984 3308 1121 3360 noxiorum

100 3453 228 3491 contus.
266 3439 291 3488 1.
309 3453 368 3487 mox
386 3434 497 3508 ingenui
512 3436 628 3506 corporis
664 3439 707 3487 to.
727 3431 800 3504 quod
815 3432 887 3484 inter

100 3558 252 3634 1.'ingenio
267 3560 395 3630 corporis]
409 3563 435 3614 id
452 3569 492 3615 est
510 3579 576 3627 „na-
648 3563 690 3610 12.
709 3554 880 3626 nequiquam]
904 3552 950 3608 sic
967 3556 1053 3609 Vatic.
1072 3570 1120 3623 pn,

59 3646 123 3691 tara
137 3642 166 3687 et
178 3634 326 3687 conditione
340 3633 487 3699 corporis.”.
505 3632 575 3684 Nihil
612 3635 641 3680 ut
666 3641 769 3694 semper
788 3626 854 3678 Livii
879 3626 972 3678 Codex
998 3625 1121 3691 Einsied·

17 3728 20 3735 ·
59 3705 217 3763 mutandum
235 3703 431 3756 ounc'videtur.
612 3699 699 3751 leusis.

99 3783 128 3829 9.
147 3774 263 3841 calcate]
282 3775 409 3829 Sioclare
426 3765 577 3840 dniypuoos
649 3772 693 3819 18.
714 3763 884 3834 docendique]
910 3765 976 3818 Com
1004 3766 1043 3816 sic
1069 3778 1121 3814 nou

59 3849 238 3914 Heysiaoum.
613 3841 697 3892 solum
715 3835 808 3886 habeat
826 3836 910 3889 Vatic.
929 3851 981 3887 sec.
1007 3836 1043 3899 (in
1069 3849 1121 3898 quo

100 3924 149 3973 ιο.
163 3933 214 3983 per
232 3931 293 3979 vos,
312 3911 442 3981 Quirites]
461 3913 507 3964 Sic
524 3912 579 3962 Va·
614 3924 687 3962 error
715 3911 818 3973 poterat
847 3906 939 3969 videri)
966 3904 1013 3956 sed
1042 3904 1122 3955 etiam

60 3993 109 4044 tic.
137 4002 178 4056 pr.
207 3986 291 4037 Vatic.
318 4000 370 4034 sec.
395 3984 479 4035 Vatic.
506 3983 578 4033 Bou·
614 3979 699 4031 vatic.
720 3991 759 4043 pr.
784 3975 832 4028 hoa
848 3974 1023 4043 recipiendum
1049 3979 1123 4040 poto.

61 4061 157 4129 garsii.
194 4056 269 4107 Libri
287 4052 426 4106 Cottianis.
462 4053 577 4119 Pompo·
612 4050 702 4101 Facile
720 4047 787 4098 euim
807 4062 830 4098 v.
843 4045 947 4116 fuistis
963 4045 1122 4109 cogitatione

60 4135 133 4186 nius.
152 4127 230 4190 Votg.
247 4141 296 4192 per
313 4140 360 4174 vos
377 4121 472 4191 igitur,
485 4120 578 4191 Quiri·
611 4119 747 4186 suppletur
766 4131 800 4168 ex
817 4130 841 4169 v.
860 4115 935 4185 fuit.
968 4114 1056 4183 volgo
1074 4113 1122 4167 do-

61 4215 107 4256 tes
127 4197 189 4254 Aldi
207 4202 246 4249 est
264 4193 442 4262 interpolatio·
613 4188 783 4255 sentiumque.

724 4267 786 4333 ll'
