2536 4590
563 192 818 269 ...46-

130 384 269 468 tpoeuit
289 383 461 451 victoriam.
503 406 566 469 qua
600 381 906 447 demendesmontem
934 387 961 451 ti
989 389 1055 454 fata
1085 412 1161 455 cum
1181 392 1217 457 0.

162 491 315 554 Norbano
337 500 536 553 concurrerat
555 487 643 549 Sulla
667 487 760 567 gratis
793 487 933 567 Dianae,
968 492 1058 554 cuius
1094 494 1218 557 nomini

63 658 69 667 ,
163 594 248 674 regio
268 594 323 655 illa
341 607 459 655 sacrata
480 603 541 668 est,
567 590 674 668 solvit3
705 611 801 672 aquas
824 592 1003 654 salubritate
1029 593 1064 654 in
1087 596 1219 660 meden-

163 694 273 778 disque
299 697 482 779 corporibus
502 694 623 756 nobiles
653 714 806 778 agrosque
837 695 938 758 omnis
966 694 1099 759 adduxit
1132 699 1219 766 deae.

161 800 256 862 huius
277 815 380 881 gratae
401 796 559 878 religionis
590 798 742 860 memoria
765 811 796 859 et
816 798 978 879 inscriptio
1008 801 1121 881 templi
1158 802 1235 867 acl-s

162 901 225 963 fixa
245 903 340 983 posti.
381 899 538 984 hodieque
560 903 687 961 crabula
709 912 840 964 testatur
861 921 951 962 aerea
973 902 1106 969 interea.
1178 884 1182 893 ¹

128 1016 145 1066 l
244 1003 366 1066 XXVI.
408 1001 532 1065 Deinde
555 1002 627 1065 Cos.
652 1002 755 1065 Carbo
771 1004 826 1064 ΙΙΙ.
842 1016 873 1066 61
888 1003 924 1064 G.
940 1004 1062 1065 Marius
1078 1007 1218 1089 septiens

160 1101 280 1168 CONS.
302 1106 385 1168 filius
407 1125 505 1169 annos
524 1119 617 1168 natue
637 1107 773 1184 xxvi,
799 1106 850 1170 uir
876 1104 974 1167 animi
1002 1108 1099 1186 magis
1122 1131 1220 1192 quam

160 1207 230 1272 aevi
249 1207 392 1289 paterni,
413 1211 511 1271 multa
531 1209 715 1292 fortiterque
736 1208 865 1271 molitus
887 1228 991 1289 neque
1012 1228 1151 1291 usquam
1170 1212 1221 1275 in·

158 1308 259 1372 ferior
280 1309 406 1373 nomine
430 1311 506 1373 sulis
530 1323 605 1391 aput
625 1309 839 1391 Sacriportum
860 1312 969 1391 pulsus
994 1332 1013 1371 a
1035 1310 1124 1375 Sulla
1141 1316 1249 1387 aciens

158 1413 342 1490 Praeneste,
372 1409 459 1494 quod
480 1423 551 1473 ante
579 1423 693 1474 natura
727 1413 885 1475 munitum
914 1410 1077 1494 praesidiis
1110 1413 1220 1480 firma·

232 1581 258 1632 t.
281 1579 347 1632 Post
363 1579 512 1645 victoriam,
531 1595 582 1646 qua
600 1578 761 1633 descendens
779 1584 892 1633 montem
911 1580 999 1636 Tifata
1018 1600 1076 1638 cum
1095 1585 1126 1639 G.
1146 1586 1220 1642 Nor-

159 1648 228 1700 bano
246 1656 425 1716 concurrerat,
444 1651 518 1702 Sutia
536 1651 617 1716 gratis
635 1649 748 1716 Dianae,
778 1651 851 1702 cuius
870 1653 965 1705 numini
1012 1659 1038 1708 3.
1065 1657 1219 1713 salubritate

159 1719 343 1787 medendtsque
378 1722 404 1775 4.
422 1721 523 1773 addixit
557 1725 583 1774 6.
602 1721 752 1774 memoriam
788 1723 902 1788 6116611
927 1722 1056 1791 hodieque
1075 1734 1103 1779 et
1127 1729 1219 1783 tabule

159 1795 185 1842 6.
204 1791 271 1844 iutra
288 1793 388 1846 aedem.
423 1797 451 1848 1.
470 1793 500 1847 c.
519 1791 619 1845 Marius
643 1791 674 1844 C.
693 1792 771 1844 Marii
796 1795 911 1861 septiens
934 1797 1048 1848 consulis
1084 1802 1111 1851 6.
1138 1815 1218 1867 qaam

158 1862 248 1928 ingeni
285 1866 329 1918 10.
348 1877 405 1915 suo.
424 1864 450 1918 Is
468 1867 533 1934 aput

125 2017 127 2022 '
197 2009 222 2057 i.
238 2004 342 2074 posuit]
362 2005 417 2059 ΑΡ.
429 2015 494 2074 post
511 2005 563 2060 bR.
742 2010 768 2058 8.
782 2022 862 2076 quum
873 2005 944 2074 aevi]
954 2008 1218 2079 APtRAExpttsantz

194 2080 220 2127 1.
240 2076 306 2146 qua]
338 2076 410 2128 APb.
442 2076 514 2147 ¹quio
544 2076 579 2129 11.
605 2074 671 2146 (qua
704 2077 808 2141 „animo
826 2079 908 2143 magis
924 2081 1002 2146 patris
1018 2081 1121 2145 similis,
1139 2098 1218 2148 quana

158 2148 245 2200 tamen
263 2162 322 2200 cum
340 2145 456 2214 Sauppio
474 2161 532 2198 meo
546 2151 608 2214 puto
623 2147 671 2198 de·
704 2147 774 2198 vitae
809 2149 908 2214 spatio,
936 2152 1032 2218 quippe
1057 2152 1101 2216 qui
1125 2153 1218 2206 adole·

158 2217 228 2270 teudi
247 2233 332 2285 posse.
367 2218 486 2271 Locutus
503 2219 603 2272 scilicet
622 2223 670 2284 est,
705 2231 780 2271 scens
795 2218 965 2286 iuteremptus
981 2223 1094 2288 parentis
1109 2230 1218 2290 septua-

158 2289 232 2353 quasi
246 2304 294 2355 pro
311 2304 351 2340 vv.
366 2297 431 2356 post
457 2288 597 2339 victoriam
621 2305 670 2358 po·
705 2288 805 2354 genarii
823 2304 903 2340 anuos
926 2306 977 2343 non
992 2290 1146 2357 attigerit=”
1164 2310 1217 2360 quo

146 2359 251 2410 ·suisset
278 2367 342 2426 post
359 2356 492 2429 proelium
517 2358 670 2426 secundum,
705 2358 766 2424 quid
777 2359 890 2426 ineptius
900 2360 951 2412 dici
960 2362 1067 2428 potest?
1085 2362 1142 2414 Iam
1156 2379 1217 2418 cum

159 2446 211 2499 quo
228 2434 279 2482 cet.
705 2428 797 2482 crebro
815 2430 931 2482 Velleius
949 2431 1066 2483 animum
1093 2440 1121 2485 ct
1135 2432 1216 2504 inge-

196 2504 220 2551 1.
244 2496 505 2564 demandesmontcm]
529 2497 607 2552 ΑΒΡ.
623 2498 670 2549 de·
703 2497 778 2549 nium
803 2501 959 2566 coniungat,
982 2502 1111 2555 interdum
1135 2506 1216 2557 etism

157 2568 282 2621 scendens
307 2577 419 2620 montem
437 2568 489 2619 bR.
703 2575 818 2636 opponat
829 2569 926 2634 (animo
939 2570 1017 2628 vidit,
1028 2572 1133 2644 ingenio
1144 2592 1216 2625 com-

194 2642 220 2692 1.
246 2638 270 2688 ti
288 2638 371 2709 fcta]
390 2640 469 2692 ΔΒΡ.
495 2635 594 2708 Tifata
612 2638 669 2690 Bu·
700 2637 798 2706 plexus
816 2648 857 2689 est
874 2645 908 2705 2,
926 2642 981 2709 66.)
1008 2642 1049 2696 616
1065 2659 1172 2710 quoque
1188 2645 1215 2698 in

157 2725 208 2762 rer·
227 2710 278 2763 bR.
703 2726 784 2778 quam
802 2710 863 2762 66νί
878 2728 958 2781 quem
970 2713 1073 2783 ingeni,
1091 2715 1217 2784 absorpta

192 2785 218 2833 2.
235 2779 336 2851 gratia]
357 2778 438 2832 tels.
455 2784 554 2849 gratus
571 2778 619 2831 Pb.
703 2780 761 2843 syli.
779 2779 808 2829 in
835 2797 850 2831 a
874 2783 1046 2848 praecedente
1074 2785 1161 2836 littera
1180 2804 1216 2852 m,

191 2856 218 2903 2.
237 2852 345 2918 nomini]
367 2851 423 2902 stt.
450 2848 552 2900 numini
575 2849 650 2902 PbR.
702 2849 783 2902 latere
799 2850 859 2902 mihi
873 2867 1022 2919 persuasum
1038 2861 1087 2908 est.
1104 2853 1216 2922 Animo,

192 2926 218 2975 ³.
237 2922 266 2973 in
285 2920 480 2992 medendisque]
505 2921 538 2975 B.
561 2921 666 2973 merten-
699 2920 725 2971 ld
745 2927 800 2981 est,
819 2921 968 2977 tortitudine
986 2941 1017 2979 ec
1041 2926 1137 2977 virtute
1154 2926 1214 2979 bel·

157 2989 250 3062 disque
278 2992 376 3045 APbR.
700 2992 750 3045 lice
768 2994 851 3059 magis
870 3010 946 3060 quam
962 2995 1067 3062 iugenio
1087 2995 1153 3046 truci
1173 2998 1214 3049 ri-

192 3061 364 3129 61661111]
389 3061 469 3115 ΔΒΡ.
488 3061 595 3112 addixit
613 3063 665 3116 bR.
701 3064 840 3129 olentoque
859 3072 971 3130 patrem
1005 3065 1151 3130 reserebat3
1186 3067 1213 3121 itt

192 3139 217 3185 6.
237 3132 372 3199 memoria]
391 3131 487 3184 ABPb.
515 3133 665 3184 memoriam
700 3149 752 3198 quo
771 3135 848 3185 Marii
868 3135 973 3185 minoris
997 3134 1052 3184 laus
1071 3135 1139 3185 inest
1165 3152 1214 3191 ee-

156 3202 270 3270 Lipsius.
288 3204 324 3257 R.
574 3210 576 3212 ’
700 3203 777 3266 teris,
803 3217 869 3268 quae
901 3202 934 3254 de
962 3219 994 3256 eo
1019 3205 1214 3275 praedicantur,

192 3278 218 3326 6.
236 3273 364 3342 hodieque
382 3270 504 3339 crabulu]
523 3273 554 3326 B.
574 3272 667 3324 hodie·
699 3278 878 3326 consentanea.

175 3361 208 3394 uc
230 3353 257 3394 et
275 3343 372 3394 tabule
396 3343 450 3396 bR·
473 3343 602 3415 hodieque
620 3353 667 3395 ta·
737 3348 764 3396 9.
782 3340 879 3408 multa]
899 3342 979 3395 APR.
1007 3343 1055 3414 qui
1077 3346 1167 3398 multa
1186 3349 1213 3408 6.

156 3362 221 3465 iata
240 3416 294 3467 ΑΡ.
737 3418 780 3465 10.
798 3413 900 3463 nemine
918 3412 986 3465 aulis
999 3417 1078 3483 aput]
1104 3419 1134 3471 Α,
1162 3437 1213 3471 no-

192 3490 219 3540 6.
237 3502 316 3536 aerea
334 3483 437 3535 interea
448 3482 538 3535 deinde
553 3483 622 3550 Coa]
632 3484 665 3537 B.
700 3480 768 3534 mine
779 3500 837 3534 suo.
852 3486 882 3533 Is
895 3493 964 3552 aput
982 3486 1015 3540 0.
1034 3488 1214 3542 6661166166-

156 3574 236 3608 aereo
247 3555 321 3608 intra
329 3555 428 3609 aedem.
439 3554 541 3606 Deinde
549 3557 605 3606 Coa.
614 3554 665 3610 bR.
701 3555 748 3618 rit,
766 3554 835 3620 qued
854 3553 1028 3624 maximopere
1046 3564 1147 3625 epatre
1155 3560 1213 3613 eius

157 3645 237 3679 aerea
264 3628 336 3679 inter
350 3625 457 3678 edeinde
482 3628 538 3678 Cos.
563 3626 594 3678 Α.
618 3625 665 3676 sed
700 3625 854 3677 illustratum
879 3632 942 3678 erat.
964 3625 1066 3677 nomine
1087 3628 1215 3683 cottsuls‘s·

157 3699 244 3753 deleto
277 3697 383 3749 cdeinde
413 3712 541 3765 superscr.
574 3695 665 3745 cedem
701 3693 787 3762 Apud
803 3694 878 3746 PbR.
904 3711 970 3762 quae
988 3697 1107 3750 Rhenani
1132 3701 1213 3753 tacite

156 3769 226 3822 inde.
267 3784 346 3819 nerea
364 3766 438 3817 intra
455 3766 553 3817 aedem.
574 3766 664 3822 COSS.
701 3765 866 3832 interpolatio
879 3782 984 3833 rursus,
1002 3771 1045 3821 ubi
1065 3769 1212 3823 accuratius

157 3839 307 3894 Rhenanus.
342 3836 427 3905 (intra
465 3835 564 3889 cedem.
600 3835 667 3887 Inda
702 3850 758 3887 eam
779 3837 979 3905 examinaveris,
998 3856 1103 3908 prorsus
1117 3840 1212 3892 absur-

158 3909 300 3975 Seebode.)
702 3906 734 3958 da
753 3906 833 3959 videri
859 3908 943 3960 debet.
971 3912 1090 3976 qnoniam
1109 3910 1135 3960 id
1152 3910 1212 3977 pari

192 3986 219 4035 t.
239 3984 267 4034 C.
284 3976 392 4030 Marius
410 3973 525 4045 septiens
539 3977 667 4043 Ocns.]A.
702 3976 810 4029 incede
835 3982 964 4032 sexcentis
992 3981 1138 4032 consulibus
1161 3979 1211 4034 hcc

158 4052 186 4102 0.
204 4050 313 4102 Mariua
334 4051 362 4101 0.
382 4047 457 4100 Meri
476 4046 591 4115 septiens
605 4065 668 4098 con·
702 4049 804 4100 uomina
830 4049 914 4116 dignis
940 4051 991 4103 dici
1015 4057 1135 4118 poterat,
1161 4067 1212 4105 nec

157 4118 226 4173 salia
242 4120 382 4175 Puteanus.
403 4117 554 4176 6111611111
570 4117 667 4187 septies
701 4120 781 4171 ullum
788 4120 866 4172 Marii
876 4121 982 4174 iunioris
991 4123 1122 4191 singulare
1132 4137 1212 4188 prae-

159 4195 216 4245 611.
234 4190 282 4245 Pb.
302 4188 367 4244 ltetn
380 4191 414 4245 R.
434 4189 481 4245 sed
498 4187 623 4260 septiens.
702 4191 804 4244 conium
823 4191 946 4244 continet.
