2536 4590
483 120 636 251 „ss
691 216 737 234 .,

78 389 145 452 que
168 386 240 428 eum
260 362 524 446 complecteretur.
566 358 631 426 Sed
656 359 764 446 inopia
786 362 1011 435 'obsidentibus
1040 394 1136 457 quam

40 475 257 540 sobsesserat
276 469 411 548 gravior.
453 471 536 530 Tum
556 469 675 544 Balbus
697 467 862 533 Cornelius
884 474 1052 536 excedente
1074 479 1136 538 hu·

75 592 206 634 manam
226 570 320 632 fidem
345 572 518 632 temeritate
539 572 696 649 ingressus
718 585 818 632 castra
838 575 976 636 hostium
996 578 1136 657 saepius·

77 695 142 759 que
165 694 236 735 cum
259 673 395 734 Lentulo
419 676 601 734 conlocutus
623 675 750 734 consule
775 673 954 754 dubitante,
977 681 1137 759 quantiae

76 775 247 852 venderet,
268 759 329 835 illis
352 776 551 835 incrementis
572 776 647 835 fecit
673 776 767 852 viam,
791 779 904 858 quibus
927 801 991 841 non
1020 782 1158 860 Hispa-⁵

79 881 152 939 niae
172 879 265 940 Asiae
287 888 378 936 natus
390 921 399 952 ,
421 875 475 937 sed
498 879 657 956 Hispanus
680 878 715 936 in
746 880 942 959 triumphum
973 881 1137 962 pontifica-

76 993 211 1062 tumque
231 976 410 1056 adsurgeret
426 981 577 1060 fieretque
602 999 643 1038 ex
658 980 780 1060 privato
800 983 980 1046 consularis.
1023 985 1137 1045 Varia-

76 1095 150 1143 tum
171 1078 282 1142 deinde
299 1081 440 1160 praeliis,
462 1079 517 1141 sed
538 1101 603 1143 uno
626 1084 717 1161 longe
735 1084 830 1161 magis
844 1086 1042 1165 Pompeianis
1060 1108 1136 1170 pro·

77 1203 191 1264 spero,
213 1203 276 1264 quo
301 1182 437 1261 graviter
459 1183 586 1262 impulsi
607 1197 679 1245 sunt
701 1182 842 1246 Caesaris
865 1187 989 1251 milites.

41 1306 61 1355 l
166 1295 235 1359 LII.
287 1295 370 1356 Tum
403 1295 518 1357 Caesar
554 1316 625 1355 cum
661 1297 800 1357 exercitu
833 1299 959 1357 fatalem
989 1297 1137 1365 victoriae
1148 1317 1175 1355 1⁰

43 1419 156 1470 2suae
178 1399 370 1461 Thessaliam
390 1400 490 1479 petiit.
531 1397 699 1478 Pompeius
720 1400 812 1477 longe
836 1399 958 1462 diversa
975 1402 1041 1461 aliis
1065 1382 1137 1464 sua-

79 1498 243 1576 dentibus,
277 1521 413 1581 quorum
436 1501 593 1581 plerique
626 1501 854 1578 hortabantur,
888 1516 925 1565 ut
954 1505 988 1565 in
1017 1505 1137 1566 Italiam

77 1603 318 1678 transmitteret,
349 1599 466 1694 (nequa
488 1603 629 1663 hercules
655 1603 822 1685 quicquam
844 1605 985 1684 partibus
1004 1606 1065 1667 illis
1087 1627 1137 1667 sa·

77 1704 205 1766 lubrius
228 1705 288 1765 fuit
296 1701 319 1785 ,)
352 1705 421 1779 alii,
450 1716 486 1763 ut
514 1705 633 1764 bellum
665 1707 818 1781 traheret,
852 1705 938 1786 quod
966 1706 1138 1785 dignationi

79 1809 218 1888 partium
236 1805 321 1868 indie
342 1808 429 1886 ipsiis
452 1805 549 1883 magis
570 1824 758 1884 prosperum
779 1807 886 1882 fieret,
913 1828 987 1867 usus
1018 1808 1135 1886 impetu
1144 1827 1169 1865 rs

45 1929 139 1980 ssuo
163 1912 285 1971 hostem
305 1921 428 1970 secutus
451 1919 506 1968 est.
549 1907 654 1965 Aciem
674 1905 884 1966 Pharsalicam
906 1921 936 1967 et
955 1909 1137 1970 illumitra-

79 2014 274 2074 entissimum
308 2009 444 2072 Romani
485 2009 606 2070 nomini
641 2007 723 2068 diem
756 2021 939 2091 tantumque
972 2012 1136 2092 utriusque

79 2114 237 2176 exercitus
261 2113 427 2194 profusum
449 2113 605 2191 sanguinis
629 2124 658 2174 et
679 2111 808 2172 consilio
831 2112 913 2171 inter
931 2133 963 2172 se
977 2111 1040 2172 duo
1054 2104 1136 2193 reip.

78 2217 183 2298 capita
206 2215 415 2297 effossumque
438 2217 570 2276 alterum
589 2216 725 2277 Romani
744 2215 857 2292 imperi
874 2216 997 2288 lumen,
1019 2224 1067 2274 tot
1087 2227 1135 2274 ta·

78 2320 190 2399 lesque
219 2319 483 2397 Pompeianarum
514 2318 650 2397 partium
682 2336 786 2379 caesos
814 2317 899 2378 viros
930 2335 994 2375 non
1024 2317 1172 2398 recipitne

45 2418 274 2494 4enarrandae
297 2420 348 2482 hic
369 2422 538 2501 scripturae
560 2419 683 2482 modus.
725 2417 807 2478 Illud
828 2416 1002 2479 notandum
1021 2433 1080 2480 est:
1101 2433 1137 2480 ut

79 2523 219 2602 primum
242 2520 278 2583 C.
299 2520 414 2582 Caesar
435 2522 615 2582 inclinatam
635 2520 715 2584 vidit
742 2522 1006 2600 Pompeianorum
1029 2521 1136 2598 aciem,

79 2643 185 2705 neque
209 2624 296 2703 prius
318 2644 421 2705 neque
443 2625 600 2705 antiquius
630 2623 798 2705 quicquam
827 2624 954 2700 habuit,
985 2645 1080 2705 quam
1101 2625 1136 2684 in
1163 2677 1166 2682 .

79 2746 192 2788 omnes
211 2738 336 2808 partes,
364 2721 407 2808 -l-
432 2738 467 2787 ut
494 2726 622 2788 militari
655 2738 686 2785 et
721 2726 818 2788 verbo
848 2736 879 2785 et
911 2723 1135 2786 consuetudine

156 2894 182 2941 1.
201 2906 278 2956 quam
303 2891 416 2944 obsessis
441 2898 497 2944 erat
543 2896 570 2945 ὅ.
588 2908 638 2944 non
661 2891 841 2958 Hispaniensis
863 2895 940 2941 natus
982 2893 1008 2942 7.
1037 2890 1135 2942 consul.

78 2961 169 3013 Variis
186 2967 311 3014 senatun
347 2967 389 3015 14.
408 2964 558 3028 dignatione
583 2965 696 3031 partium
720 2962 748 3013 in
771 2961 826 3014 dies
845 2962 909 3029 ipsis
952 2964 995 3014 lt.
1014 2961 1135 3014 Romano

80 3038 128 3086 18.
145 3038 174 3103 et
190 3033 288 3084 conlisa
322 3036 368 3084 21.
382 3034 529 3086 enarmnde

27 3224 54 3241 „
118 3180 146 3227 1.
165 3173 593 3249 quamobsesserathbquamob-
627 3182 716 3242 gnate
730 3175 848 3228 excusari
866 3177 973 3241 potest,
986 3178 1072 3226 tamen
1089 3189 1136 3226 sa·

79 3245 165 3297 sessis
181 3256 242 3297 erat
262 3247 338 3299 PbR.
626 3248 714 3315 spicor
724 3248 750 3298 in
768 3244 926 3298 consularis.
940 3245 1078 3296 variatum
1095 3247 1136 3298 la·

116 3319 146 3369 4.
164 3316 280 3382 consule]
297 3318 328 3368 Δ.
348 3319 418 3373 COS.
437 3317 513 3368 Pbls.
626 3324 696 3370 tere:
722 3317 823 3372 consul.
844 3316 935 3368 Variis
957 3325 1099 3369 certatum.

116 3390 146 3438 ⁵.
163 3378 592 3454 HispaniasAsiaebatushPR.
663 3393 706 3440 ll.
730 3387 805 3454 aliis]
833 3388 932 3440 APbR.
961 3386 1053 3437 amicis
1077 3385 1136 3439 He·

78 3455 274 3524 Hispaniensis
291 3467 374 3508 natus
394 3456 506 3525 Lipsius.
526 3458 591 3521 (Hi-
626 3459 713 3510 relius.
1016 3482 1019 3486 ⁸

78 3527 195 3598 spaniae
219 3526 338 3578 Gadibus
361 3538 444 3578 natus
465 3529 501 3593 b.)
663 3533 705 3580 13.
715 3527 881 3592 illinspblt.
889 3524 1136 3577 illiusButmunnutt.

115 3603 146 3650 7.
160 3615 193 3646 ex
209 3597 330 3665 privato]
346 3600 443 3651 hPhR.
460 3616 493 3647 ex
501 3595 592 3648 tribu·
621 3606 634 3617 '¹
664 3602 705 3650 14.
720 3596 967 3666 dignationiJABP.
982 3594 1137 3664 dignatione

77 3667 156 3720 tario
179 3668 310 3721 Heinsius.
334 3686 367 3718 ex
387 3668 526 3739 peregrino
545 3668 593 3719 Bi·
626 3668 680 3720 bR.

77 3739 190 3811 pontim-
479 3791 482 3795 ,
665 3741 708 3788 15.
725 3733 795 3784 indie
808 3732 896 3802 ipsiis]
907 3734 939 3787 B.
959 3733 988 3785 in
1003 3733 1058 3783 dies
1071 3731 1137 3800 ipsis

115 3815 144 3862 7.
169 3808 332 3876 consularis]
367 3810 466 3864 APbR.
502 3806 595 3858 consul
629 3809 680 3860 bR.
693 3805 788 3870 (indies
799 3805 874 3872 ipsiis
882 3809 913 3861 Α.
923 3805 1008 3855 indies
1020 3803 1138 3871 ipsisP.)

77 3879 188 3935 Ruhnk.
207 3880 272 3932 Cum
287 3877 381 3948 ἄκυρον
395 3883 442 3932 sit:
457 3879 594 3930 variatum
666 3881 709 3931 17.
727 3876 916 3940 Romani]AB.
935 3875 1137 3928 RomanonR.

79 3951 177 4002 deinde
191 3951 321 4018 praeliis,
338 3952 386 4000 sed
402 3951 526 4001 variatum
541 3967 594 3999 uno
666 3953 709 4001 18.
728 3947 847 4012 consilio]
867 3948 922 4000 ΑΡ.
941 3946 1042 4011 conlisa
1057 3945 1108 3997 bR.

78 4022 162 4093 lange
180 4021 267 4092 magis
279 4021 447 4088 Pompeianis
460 4038 595 4088 prospero,
665 4023 709 4072 st.
727 4016 907 4082 enarrandae]
927 4019 959 4069 A.
983 4015 1138 4068 enarranda

78 4108 148 4163 pto:
163 4091 213 4143 sed
225 4110 308 4142 unum
321 4092 398 4162 longe
415 4091 500 4161 magis
515 4094 594 4140 Pom·
625 4093 687 4145 PR.
705 4087 869 4140 enarrandos
887 4087 911 4137 b.

73 4161 188 4235 peinais
200 4180 357 4233 prosperum
369 4161 441 4234 fuit,
464 4162 513 4214 etsi
531 4177 595 4214 acu·
665 4165 710 4215 23.
723 4157 1137 4231 quaminomaesparusMPR.
