2536 4590
550 192 809 269 ...93-

147 395 308 467 tempora,
334 405 374 445 ne
398 404 448 447 res
469 381 649 463 disciplinae
671 377 880 444 inimicissima
892 427 901 459 ‚
929 384 1030 447 otium
1059 405 1207 451 corrum-

147 500 235 565 peret
253 488 400 561 militem,
424 486 541 548 crebris
555 485 590 545 in
608 483 733 564 Illyrico
750 483 969 568 Delmatisque
991 486 1207 569 expeditioni·

147 590 224 666 bus,
249 589 401 670 patientia
431 587 640 668 periculorum
671 585 809 667 bellique
841 588 1033 667 experientia
1069 587 1206 653 durabat

113 691 328 756 ltexercitum.
371 689 487 751 Eadem
507 697 687 766 tempestate
704 686 853 751 Calvinus
874 689 1050 768 Domitius,
1072 712 1206 757 rumex

148 793 312 853 consulatu
332 793 486 853 oblineret
505 788 706 867 Hispaniam,
735 790 909 868 gravissimi
935 792 1227 878 comparandiques

149 893 284 973 antiquis
301 893 436 971 exempli
453 903 562 951 auctor
578 890 654 964 suit,
677 892 793 972 quippe
811 893 964 974 primipili
985 896 1215 961 centurionem*

147 996 274 1057 nomine
294 994 459 1056 Vibillium
481 1004 648 1072 opturpcm
669 1012 709 1051 ex
734 993 797 1053 acie
817 995 921 1073 sugam
939 995 1016 1057 fusti
1037 999 1205 1076 percussit.

113 1117 153 1167 l·
229 1096 379 1158 LXXIX.
421 1094 586 1156 Crescente
609 1092 645 1152 in
670 1092 736 1154 dies
765 1106 796 1155 et
822 1097 918 1156 classe
940 1096 1075 1158 etfama
1101 1098 1206 1161 Pom-

144 1198 196 1281 pei
219 1199 333 1260 Caesar
356 1199 471 1259 molem
492 1196 568 1258 belli
591 1196 657 1256 eius
678 1196 834 1276 suscipere
855 1196 972 1258 statuit.
1024 1196 1205 1261 Aedifican-

145 1300 192 1363 dis
215 1302 347 1364 navibus
369 1296 646 1379 contrahendoque
665 1298 763 1360 milite
785 1321 820 1361 ac
840 1299 957 1380 remige
971 1300 1203 1385 navalibusque
1212 1323 1241 1363 so

145 1402 355 1465 adsuesceudo
376 1400 597 1465 certaminibus
617 1412 710 1482 atque
731 1394 1014 1464 exercitationibus
1023 1403 1204 1483 praefectus

145 1517 190 1565 est
210 1505 257 1565 M.
281 1503 432 1584 Agrippa,
454 1501 564 1564 vlrtuti
584 1502 814 1579 nobilissimae,
845 1505 956 1566 labore
989 1504 1095 1583 vigilia
1114 1505 1202 1587 peri·

145 1609 215 1668 culo
236 1606 368 1669 invictus
388 1602 584 1686 parandique
612 1602 667 1664 sed
689 1605 747 1667 uni
767 1605 1004 1684 scientissimus,
1035 1605 1104 1667 eliis
1123 1628 1202 1670 sane

143 1707 319 1791 imperandi
342 1706 473 1786 cupidus
495 1717 527 1766 et
553 1725 611 1785 per
633 1708 738 1770 omnia
767 1720 857 1768 extra
884 1706 1049 1768 dilationes
1076 1708 1203 1788 positus

110 1821 128 1873 2
147 1812 357 1893 consultisque
380 1811 461 1870 sacta
482 1809 683 1886 coniungens.
725 1808 785 1870 Hic
806 1806 840 1870 in
858 1808 986 1871 Averno
1009 1829 1044 1869 ac
1056 1807 1200 1873 Lucrino
1209 1834 1238 1874 rs

139 1919 212 1978 lacu
236 1913 462 1994 speciosissima
483 1912 578 1973 classe
599 1911 761 1988 fabricata,
787 1908 948 1973 cotidianis
965 1909 1201 1973 exercitationi·

142 2018 201 2077 bus
224 2015 354 2076 militem
376 2012 586 2094 remigemque
609 2012 648 2074 ad
666 2034 820 2076 summam
841 2025 871 2075 et
892 2011 1034 2075 militaris
1054 2023 1085 2073 et
1102 2013 1202 2075 mari-

142 2119 235 2179 timae
269 2116 316 2177 rei
346 2112 494 2197 perduxit
529 2115 697 2178 scientiam.
745 2118 813 2176 Hac
846 2115 936 2176 classi
964 2113 1096 2191 Caesar,
1125 2134 1200 2175 cum

141 2219 230 2300 prius
252 2215 464 2297 despondente
490 2215 520 2279 ei
539 2215 683 2296 Nerone,
706 2217 757 2279 cui
782 2228 853 2279 ante
874 2229 973 2298 nupta
999 2215 1121 2292 fuerat,
1144 2216 1200 2278 Li·

143 2319 240 2395 viam,
272 2318 436 2397 auspicatis
467 2319 546 2399 reip.
575 2321 755 2383 hominibus
787 2319 927 2382 duxisset
956 2338 1025 2380 eam
1053 2338 1239 2397 exerceam

109 2417 293 2500 3Pompeio
316 2418 500 2500 Siciliaeque
523 2423 640 2482 bellum
669 2422 782 2484 intulit.
835 2420 897 2483 Sed
925 2421 1029 2484 virum
1058 2421 1200 2484 humana

51 2599 53 2603 .
144 2541 203 2601 ope
227 2521 377 2583 invictum
391 2521 525 2599 graviter
543 2543 580 2584 eo
595 2535 735 2603 tempore
753 2524 881 2585 fortuna
897 2522 1061 2589 concussit.
1079 2523 1199 2607 quippe

141 2624 233 2700 longe
263 2622 414 2683 maiorem
441 2635 561 2703 partem
591 2625 694 2685 classis
726 2625 807 2686 circa
838 2624 962 2688 Veliam
993 2625 1198 2711 Palinurique

141 2725 394 2803 promontorium
419 2723 528 2786 adorta
549 2726 597 2788 vis
617 2724 717 2789 Africi
743 2727 891 2790 laceravit
915 2749 950 2789 ac
978 2725 1108 2789 distulit.
1150 2728 1199 2791 Ea

141 2824 296 2907 patrando
317 2827 399 2888 bello
420 2847 511 2888 mora
531 2830 610 2904 fuit,
633 2827 719 2912 quod
742 2842 850 2909 postea
871 2827 966 2891 dubia
988 2842 1018 2890 et
1037 2827 1238 2894 interdumas

109 2927 270 3008 sancipiti
294 2929 420 2989 fortuna
446 2942 565 3008 gestum
593 2944 650 2993 est.
688 2952 760 2992 nam
789 2944 821 2993 et
850 2932 954 2993 classis
986 2929 1097 2993 eodem
1121 2932 1197 2997 loco

140 3040 253 3091 vexata
278 3041 322 3089 est
345 3042 540 3110 tempestate,
568 3045 598 3093 et
631 3045 666 3092 ut
697 3033 801 3096 navali
830 3033 932 3114 primo
964 3036 1084 3116 praelio
1118 3046 1198 3117 aput

140 3132 234 3191 Milas
257 3128 350 3192 ductu
377 3133 533 3212 Agrippae
562 3147 733 3214 pugnatum
759 3155 925 3215 prospere,
957 3135 1001 3196 ita
1029 3135 1197 3217 inopinato

141 3233 246 3293 classis
267 3231 402 3293 adventu
422 3235 523 3312 gravis
545 3218 603 3296 sub
624 3237 721 3316 ipsius
744 3234 885 3297 Caesaris
901 3236 998 3298 oculis
1015 3237 1097 3299 circa
1108 3237 1198 3299 Tau·

212 3368 238 3419 ⁷.
258 3363 291 3415 ob
309 3369 410 3432 turpem
446 3372 470 3418 t.
490 3367 558 3420 fuste
598 3372 641 3421 to.
670 3369 743 3421 militi
769 3385 800 3422 ac
823 3368 916 3435 remigi
962 3370 1006 3419 12.
1028 3367 1069 3420 vir
1091 3366 1198 3422 vinetis

141 3439 184 3490 18.
200 3436 282 3488 classe
317 3436 502 3490 maminthus
538 3440 680 3506 28.Mylns
715 3442 760 3493 28.
777 3441 909 3508 inopinato
918 3438 1198 3507 Pompeiaueeclaseis

176 3546 203 3594 7.
214 3538 445 3607 millissimum
453 3538 593 3592 Iutillium
599 3542 648 3594 Pb.
718 3544 763 3595 20.
776 3540 935 3608 horninibus]
945 3544 974 3594 Α.
983 3538 1196 3596 ominibustR.

175 3633 201 3681 7,
217 3629 366 3697 opturpem]
375 3632 405 3682 Α,
416 3626 447 3680 ob
459 3638 563 3701 ,mem
571 3631 648 3686 pr·
717 3612 763 3663 24.
781 3612 899 3680 distulit]
910 3611 1009 3665 Apott.
1017 3610 1197 3680 dispenses-

175 3720 202 3767 7.
215 3714 304 3782 fusti]
325 3704 379 3768 Ati.
404 3715 454 3767 Ed.
473 3717 593 3785 princeps
608 3720 649 3770 al·
684 3684 799 3805 lengssffia
839 3752 954 3820 mnas]
968 3753 990 3806 Α
1015 3766 1033 3801 a
1073 3749 1131 3803 th
1150 3750 1180 3803 h

138 3792 201 3839 teta.
210 3785 246 3840 R.
250 3785 606 3857 susteEd.priucepsprima
622 3789 648 3842 b.
683 3793 763 3878 Μ·
798 3770 836 3824 Fu
993 3791 1000 3807 ·
1029 3768 1070 3821 ΙΝ
1125 3770 1149 3821 7
1180 3768 1196 3805 ⁸

176 3878 218 3925 ¹⁰·
238 3872 322 3956 mm&
340 3891 373 3955 ,αθ
391 3872 498 3944 mide]
515 3877 570 3930 ΑΡ·
597 3875 650 3927 Μ’·
718 3898 762 3947 28.
785 3893 924 3962 inopinato
954 3890 1062 3959 classis]
1093 3890 1194 3946 APbR.

138 3941 188 3993 lm·
200 3960 233 3993 ac
250 3962 343 4015 remrgz
362 3944 413 3997 bR.
682 3962 821 4031 inopinato
837 3963 1015 4034 Pompeianae
1030 3961 1126 4013 classis
1135 3963 1195 4016 Hs·

175 4031 218 4080 ta.
236 4031 346 4098 virtuts]
366 4031 408 4084 vir
422 4028 647 4088 virentisRultnlr.
683 4037 771 4089 relius.
789 4035 927 4103 inopinato
944 4033 1040 4085 classis
1062 4032 1194 4084 advorsae

139 4096 251 4152 virtum
267 4101 317 4155 Pb.
682 4104 814 4159 Heinsius.
826 4106 930 4161 Rubri.
946 4102 1194 4175 (inopinarobostis

175 4172 219 4227 18.
237 4167 333 4243 clare]
350 4172 407 4229 ΔΡ.
426 4168 513 4227 atam
530 4174 583 4231 tm.
683 4175 840 4245 Grunsms.)
