2536 4590
554 195 836 275 -ll0—

135 416 151 465 1
251 391 336 457 XCI.
378 393 465 455 Dum
492 400 623 471 pacatur
649 386 821 466 Occidens,
853 392 893 452 ab
923 388 1052 456 Oriente
1082 411 1118 454 ac
1151 410 1227 472 rega

167 496 357 575 Parthorum
382 495 470 573 signs
498 492 658 568 Romana,
689 512 770 573 quae
802 489 915 555 Crasso
948 513 1059 573 presso
1086 490 1228 572 Orodes,

168 618 250 680 quaa
270 596 409 660 Antonio
427 596 520 677 pulso
544 594 626 656 filius
646 592 712 656 eius
724 594 875 656 Prahates
894 608 1057 675 ceperant,
1078 596 1228 676 Augusto

167 700 297 763 remissa
322 710 405 762 sunt.
435 696 523 780 quod
551 714 724 775 cognomen
753 695 801 755 illi
828 698 898 760 viro
927 698 1036 758 Planci
1068 699 1229 760 sententia

134 821 335 874 accusemus
358 800 497 864 universi
524 811 648 862 senatus
678 799 852 880 populique
874 799 934 861 Ro.
954 797 1078 861 indidit.
1122 797 1247 863 Erants

166 917 288 981 tamen,
310 903 365 986 qui
384 904 469 963 hunc
489 901 701 961 felicissimum
722 911 837 961 statum
858 898 1013 979 odissent3
1042 901 1163 984 quippe
1187 902 1230 964 L.

166 1005 302 1068 Murena
323 1017 354 1066 et
374 1002 514 1066 Fannius
538 1000 655 1082 Caepio
681 998 812 1064 diversis
829 1004 969 1066 moribus
986 998 1074 1087 (nam
1084 1005 1231 1066 Murena

167 1108 235 1170 sine
255 1111 315 1170 hoc
336 1106 475 1169 facinore
495 1106 600 1186 potuit
618 1101 719 1166 videri
742 1105 860 1181 bonus,
886 1103 1002 1187 Caepio
1021 1119 1050 1168 et
1066 1109 1129 1170 hoc
1151 1119 1229 1169 ante

168 1220 235 1270 erat
260 1204 426 1290 pessimus)
457 1228 528 1268 cum
555 1207 687 1268 inissent
715 1204 875 1267 occidendi
908 1206 1048 1271 Caesaris
1081 1211 1230 1293 consilia,

168 1312 312 1394 oppressi
343 1310 528 1373 auctoritate
555 1308 697 1388 publica,
732 1308 818 1390 quod
848 1307 881 1372 vi
911 1310 1014 1373 facere
1044 1314 1228 1393 voluerant,
1237 1332 1262 1369 ιο

134 1417 235 1481 3iurs
258 1411 344 1494 passi
365 1423 450 1472 sunt.
492 1410 605 1493 Neque
627 1412 725 1473 multo
758 1423 831 1491 post
859 1410 962 1474 Rufus
984 1414 1136 1493 Egnatius
1165 1436 1231 1497 per

167 1517 274 1579 omnia
293 1511 458 1593 gladiatori
477 1533 573 1595 quam
604 1511 745 1574 senatori
766 1514 899 1594 propior
927 1516 1057 1578 collecto
1077 1515 1113 1577 in
1135 1515 1230 1581 aedi-

166 1620 253 1682 litate
273 1618 383 1680 favore
411 1616 541 1697 populi,
573 1636 668 1698 quem
701 1615 917 1695 extinguendis
951 1617 1071 1698 privata
1104 1619 1227 1681 familia

166 1718 318 1783 incendiis
339 1719 374 1779 in
392 1717 458 1780 dies
481 1731 630 1794 auxerat,
652 1719 686 1779 in
707 1730 830 1780 tantum
852 1717 998 1801 quidem,
1023 1732 1058 1783 ut
1079 1721 1110 1783 ei
1129 1743 1227 1804 prae-

166 1835 271 1887 turam
292 1821 504 1895 continuaret,
531 1842 608 1883 mox
632 1822 725 1883 etiam
759 1823 953 1883 consulatum
980 1834 1086 1903 petere
1115 1844 1223 1905 ausus,
1233 1842 1256 1881 rs

168 1948 237 1989 cunr
260 1939 338 1988 esset
363 1924 449 1987 omni
469 1923 657 2003 flagitiorum
683 1925 895 2005 scelerumque
924 1925 1112 1987 conscientia
1137 1946 1224 1990 mer·

167 2050 220 2091 sus
241 2049 298 2089 nec
319 2028 430 2088 melior
449 2025 495 2087 illi
514 2045 565 2087 res
587 2025 747 2086 familiaris
769 2046 864 2108 quam
881 2046 970 2087 mens
990 2027 1088 2105 forat,
1110 2026 1223 2109 adgre-

166 2130 244 2212 gatis
268 2128 433 2191 simillimis
452 2127 512 2189 sibi
532 2127 711 2189 interimere
737 2127 900 2191 Caesarem
931 2129 1059 2209 statuit,
1088 2144 1128 2194 ut
1155 2154 1221 2216 quo

167 2235 255 2295 salvo
290 2235 394 2294 salvus
427 2251 493 2292 esse
530 2250 595 2292 non
632 2240 774 2311 potarat,
803 2250 841 2293 eo
876 2231 1000 2294 sublato
1033 2246 1221 2297 moreretur.

134 2345 152 2396 t
169 2331 294 2413 Quippe
313 2335 357 2394 ita
378 2353 411 2393 se
431 2352 536 2394 mores
555 2332 689 2409 habent,
712 2333 837 2413 publica
862 2334 995 2417 quisque
1019 2334 1115 2397 ruina
1133 2338 1253 2399 mattas

168 2433 309 2499 occidere
332 2454 505 2516 quam¹sua
525 2434 660 2514 proteri,
683 2433 764 2495 idem
786 2456 935 2515 passurus
950 2438 1054 2499 minus
1071 2439 1220 2522 conspici.

166 2537 279 2620 Neque
299 2537 350 2597 hic
372 2535 531 2617 prioribus
551 2535 586 2595 in
607 2536 791 2599 occultando
813 2539 933 2601 felicior
952 2539 1014 2601 fuit
1033 2538 1219 2625 abditusque

168 2640 284 2701 carceri
313 2659 383 2701 cum
413 2639 543 2701 consciis
574 2636 722 2702 facinoris
753 2654 885 2703 mortem
916 2639 1127 2722 dignisumam
1157 2645 1219 2709 rita

167 2765 225 2807 sua
248 2741 337 2805 obiit.

134 2884 151 2935 l
253 2860 353 2923 XCll.
392 2860 592 2922 Praeclarum
620 2861 798 2923 excellentis
820 2862 882 2925 viri
911 2863 1027 2927 factum
1055 2865 1092 2930 C.
1118 2865 1267 2930 Sentiis=

169 2964 332 3027 Saturnini
353 2963 434 3024 circa
453 2985 490 3024 ea
506 2974 649 3044 tempora
666 2966 801 3027 consulis
820 2986 859 3027 ne
875 2964 1040 3030 fraudetur
1056 2970 1218 3035 memoria.

134 3067 284 3136 2Aberat
302 3067 337 3127 in
362 3061 544 3127 ordinandis
564 3067 657 3130 Asiae
679 3065 879 3151 Orientisque
899 3071 995 3131 rebus
1023 3070 1140 3136 Caesar
1157 3076 1218 3136 cir·

168 3170 343 3230 cumserens
367 3179 519 3229 terrarum
544 3168 613 3230 orbi
633 3169 809 3250 praesentia
830 3190 887 3233 sua
910 3170 994 3254 pacis
1025 3193 1100 3237 suae
1124 3176 1217 3240 bona.

238 3351 265 3402 2.
285 3347 379 3400 crasso
397 3363 523 3418 oppresso
566 3355 591 3403 ³.
611 3351 753 3405 Plualrates
788 3354 821 3406 ’4.
838 3353 875 3406 illi
893 3354 948 3408 iure
988 3360 1015 3412 Θ.
1032 3364 1060 3412 et
1076 3365 1139 3415 ants
1171 3364 1217 3417 20.

168 3417 278 3485 habent,
297 3425 327 3471 ut
343 3418 448 3487 publica
483 3426 527 3475 21.
545 3428 573 3474 et
590 3422 660 3475 idem
695 3429 739 3475 23.
759 3438 864 3477 carcere
898 3430 943 3480 at.
959 3427 1057 3483 Aberat
1069 3432 1218 3487 ordinandis

203 3570 230 3619 2.
245 3565 348 3634 presso]
366 3566 420 3619 ΑΡ.
438 3583 561 3634 oppresso
579 3565 631 3619 btt.
744 3569 789 3620 22.
803 3566 1221 3641 αόᾱίτιωᾳιιε]ΑΡΙ)Β.αᾰᾶἰάω-

204 3641 231 3691 8.
248 3637 428 3703 Prahates]ll.
439 3637 593 3690 Phradates
600 3638 676 3691 PbR.
711 3656 761 3710 qus
780 3639 918 3695 Acidalius.

203 3711 229 3760 4.
246 3706 315 3774 viro]
341 3708 439 3761 APbR.
464 3707 523 3760 iure
548 3710 580 3762 Ο.
606 3710 676 3775 (vers
746 3713 790 3761 23.
827 3711 938 3779 carcerc]
976 3712 1076 3768 tl’blt.
1113 3728 1219 3765 aarum

168 3777 288 3844 Rulrnlr.)
711 3779 822 3832 Kranae.

204 3851 230 3899 8.
253 3856 280 3896 et
298 3847 349 3898 hoc
366 3846 440 3912 onte]
461 3849 542 3904 lPtt.
567 3859 594 3901 et
612 3859 676 3902 unta
747 3856 791 3903 st.
806 3849 1219 3920 aberatinordinandidsl’bk

169 3915 218 3968 hoc
236 3919 261 3970 b.
285 3925 312 3967 et
339 3926 405 3967 tunc
428 3926 455 3967 et
480 3930 561 3979 ante5
587 3950 623 3961 --
649 3932 677 3972 et
712 3920 807 3972 oberat
818 3921 974 3976 ordinandis
994 3924 1125 3977 Heinsius.
1143 3923 1221 3991 (Me-

169 3994 241 4040 ante.
260 3989 375 4041 Aliorum
393 3989 460 4040 coni.
712 3999 800 4045 mento
818 3994 969 4061 saepissime
987 3995 1090 4048 Velleio
1106 4011 1123 4047 a
1141 3995 1221 4049 tibra-

204 4059 248 4107 20.
263 4055 384 4129 pubiip]
418 4059 472 4111 AP.
504 4067 537 4108 ut
568 4059 677 4126 publica
711 4064 756 4114 riis
774 4064 926 4117 inculcatam
944 4080 1001 4118 esse
1021 4080 1111 4134 praep.
1128 4064 1178 4131 in.)

170 4125 261 4178 Barer.
279 4126 332 4178 blt.
352 4128 356 4137 '
747 4137 792 4187 28.
805 4134 1223 4207 praesentiaruuarrupraa.

203 4200 247 4249 st.
263 4193 350 4262 idem}
362 4199 391 4250 Α.
411 4207 438 4249 et
455 4197 524 4250 idem
541 4198 615 4252 Pulc.
712 4203 800 4255 scatia
818 4203 921 4257 Ruituk.
