2536 4590
433 96 766 215 pso-

107 336 286 405 beatissime
306 336 417 412 irriret,
436 332 481 396 ita
500 331 605 396 finiret
627 351 728 414 aequo
754 329 885 410 amimo,
907 343 938 395 et
952 331 1040 417 quod
1055 337 1163 418 cupis·

73 446 170 518 teet,
193 439 324 502 arbitrio
349 458 407 501 suo
430 458 570 514 sumere,
592 436 694 496 alieno
715 433 896 516 deponeret.
937 436 978 498 Et
998 436 1164 514 Lucullus,

106 562 245 604 summus
265 542 384 625 alioqui
403 542 471 618 vir,
492 539 640 621 profusae
661 539 756 601 huius
781 537 816 598 in
843 536 990 600 aediliciis
1012 539 1168 602 convicti·

106 648 229 726 busque
251 657 281 704 et
302 643 503 723 apparatibus
523 638 669 731 luxuriae
691 639 812 720 primus
832 653 943 702 auctor
962 640 1041 717 fuit,
1068 662 1167 722 quem

107 750 148 810 ob
168 746 296 806 iniectas
318 746 415 805 moles
435 744 515 805 mari
537 754 568 805 et
587 753 748 821 receptum
780 741 923 803 suffossis
947 741 1110 803 montibus
1130 743 1186 803 ins

89 865 205 925 ,terras
227 843 419 908 marchand
445 846 578 907 infacete
607 845 743 923 Magnus
768 843 938 926 Pompeius
967 845 1095 907 Xersen
1117 856 1169 908 to·

107 965 212 1031 gutum
234 967 348 1009 vocare
371 944 568 1009 adsueverat.

75 1067 91 1117 1
193 1049 348 1112 XXXIV.
390 1051 452 1112 Per
475 1047 509 1110 id
534 1060 658 1127 tempus
680 1068 699 1107 a
721 1042 760 1120 Q.
783 1044 911 1107 Metello
942 1044 1035 1109 Creta
1061 1045 1168 1111 insule

107 1152 143 1213 in
163 1151 199 1212 P.
220 1150 259 1213 R.
278 1161 464 1231 potestatem
485 1149 612 1215 redacta
635 1160 681 1209 est
688 1193 698 1228 ,
728 1168 808 1229 quae
830 1144 960 1211 ducibus
989 1150 1114 1211 Panare
1136 1163 1167 1212 et

107 1253 266 1317 Lasthane
293 1274 395 1315 xxun.
424 1255 551 1317 milibus
579 1251 730 1314 iuvenum
753 1249 882 1325 coactis,
910 1250 1074 1313 velocitate
1091 1272 1200 1332 per-m

109 1357 248 1431 nicibns,
277 1372 439 1416 armorum
461 1356 670 1433 laborumque
703 1351 953 1432 patientissimis,
983 1352 1168 1431 sagittarum

109 1477 170 1517 usu
190 1456 414 1533 celeberrimis,
435 1478 494 1536 per
514 1454 686 1516 triennium
702 1455 862 1517 Romanos
880 1454 1035 1517 exercitus
1056 1456 1169 1537 fatiga·

75 1564 93 1615 2
109 1568 207 1621 verat.
250 1557 299 1618 Ab
321 1558 417 1618 huius
441 1555 568 1640 quidem
582 1576 698 1620 usurae
710 1557 809 1636 gloria
825 1557 1009 1638 temperavit
1024 1559 1168 1622 animum

109 1657 169 1720 Cn.
189 1658 377 1738 Pompeius,
399 1661 455 1742 qui
476 1660 623 1722 victoriae
650 1672 772 1740 partem
801 1672 965 1720 conaretur
996 1659 1169 1725 vindicare.

110 1758 172 1821 Sed
194 1772 225 1821 et
247 1759 373 1821 Luculli
394 1774 426 1822 et
444 1760 567 1823 Metelli
586 1762 780 1841 triumphum
803 1780 875 1822 cum
895 1761 1037 1840 ipsorum
1058 1762 1201 1842 singu-rs

109 1862 184 1923 laris
216 1860 333 1940 virtus,
366 1876 434 1925 tum
466 1864 559 1925 etiam
589 1862 708 1926 invidia
734 1863 867 1944 Pompei
898 1877 973 1943 aput
1010 1865 1169 1945 optimum

78 1982 269 2045 squemque
293 1964 365 2024 fecit
383 1965 599 2027 favorabilem.
640 1965 701 2025 Per
724 1965 801 2026 haec
821 1976 965 2045 tempora
983 1967 1029 2026 M.
1043 1966 1170 2047 Cicero,

109 2063 165 2147 qui
186 2063 291 2123 omnia
311 2063 503 2127 incrementa
524 2086 581 2128 sua
600 2067 660 2129 sibi
683 2065 811 2143 debuit,
833 2064 883 2128 vir
906 2067 1053 2129 novitatis
1071 2071 1170 2133 nobi·

108 2165 243 2227 lissimae
266 2177 297 2224 et
316 2178 353 2227 ut
376 2166 440 2230 vita
461 2169 578 2245 clarus,
600 2169 644 2230 ita
664 2168 790 2248 ingenio
812 2168 984 2246 maximus,
1004 2170 1061 2253 qui
1089 2172 1170 2234 effe·

111 2268 167 2343 cit,
189 2287 229 2326 ne
251 2287 388 2347 quorum
412 2291 498 2331 arma
517 2270 709 2348 viceramus,
731 2289 842 2331 eorum
871 2270 997 2348 ingenio
1023 2271 1203 2340 vincere-eo

111 2389 199 2444 mur,
223 2365 312 2430 COS.
336 2367 425 2448 Sergi
447 2371 599 2431 Catilinae
618 2371 808 2453 Lentulique
832 2383 864 2432 et
885 2371 1013 2450 Cethegi
1037 2385 1068 2434 et
1087 2375 1170 2437 alio·

110 2491 182 2530 rum
204 2469 304 2529 utrius
327 2467 445 2531 ordinis
473 2473 616 2534 virorum
644 2473 892 2534 coniurationem
922 2474 1072 2552 singulari
1100 2476 1169 2540 vir-

79 2582 176 2632 ttute
198 2572 370 2633 constantia
390 2574 496 2651 vigilia
517 2575 792 2656 curaqueeripuit.
834 2573 967 2636 Catilina
983 2586 1070 2639 metu
1090 2597 1170 2640 con·
1212 2620 1214 2625 -

111 2674 222 2734 solaris
255 2674 368 2754 imperi
398 2677 476 2735 urbe
506 2677 616 2756 pulsus
648 2687 711 2755 est3
741 2676 896 2737 Lentulus
930 2678 1103 2740 consularis
1136 2692 1170 2740 et

109 2789 238 2857 praetor
268 2775 381 2836 iterum
415 2774 631 2858 Cethegusque
663 2790 693 2837 et
728 2778 781 2837 alii
817 2778 893 2837 clari
924 2777 1058 2840 nominis
1089 2780 1163 2858 viri,
1173 2796 1203 2839 ss

111 2892 239 2942 auctore
263 2892 389 2956 senatu,
414 2878 501 2940 iussu
523 2877 612 2942 COS.
634 2877 668 2938 in
692 2899 815 2940 carcere
836 2880 938 2940 necati
959 2890 1043 2939 sunt.

79 2998 95 3048 1
196 2980 336 3040 XXXV.
380 2981 435 3041 llle
458 2993 582 3042 senatus
602 2977 683 3058 dies,
704 2969 768 3065 qno
793 2982 870 3041 haec
894 2993 960 3042 acta
984 2991 1073 3058 sunt,
1101 2980 1170 3044 vir·

111 3091 209 3141 tutem
231 3080 277 3141 M.
299 3078 425 3142 Catonis
444 3080 508 3140 iam
529 3081 633 3142 multis
653 3082 688 3141 in
718 3084 812 3144 rebus
840 3082 1040 3163 conspicuam
1072 3094 1170 3165 atque

185 3221 215 3270 2.
233 3224 349 3270 sumeret
384 3222 409 3270 6.
428 3218 534 3270 Xerxen
577 3222 621 3273 10.
637 3219 768 3273 Lasthene
812 3224 853 3274 ts.
872 3222 962 3275 Nesb
979 3250 1015 3263 -
1032 3248 1065 3262 -
1088 3237 1170 3276 usuro

111 3288 211 3354 gloriae
247 3293 290 3341 14.
310 3290 371 3354 quio
407 3291 451 3339 22.
472 3291 607 3356 utriusque
642 3293 805 3359 stupescit

146 3416 175 3464 2.
192 3414 305 3479 sumere]
329 3414 401 3467 APb.
428 3423 543 3464 sumeret
559 3415 621 3467 Act·
691 3420 717 3468 6.
736 3416 852 3484 Xersen]
881 3417 953 3471 Art).
983 3420 1095 3469 Xerxen
1113 3419 1148 3471 R.

112 3481 203 3535 dallufl·
222 3483 256 3534 R·
691 3506 734 3556 lo.
752 3503 903 3570 Lasthene]
910 3505 1168 3558 A.LastlsenePbR.

113 3553 231 3676 11⁴3.th
248 3551 393 3620 Lucullus]
414 3553 496 3606 APlt.
517 3552 621 3606 Lucul-
692 3594 735 3642 33.
753 3588 810 3656 Ab]
830 3592 885 3642 Ap·
901 3591 942 3641 Ne
962 3590 996 3642 ab
1013 3591 1067 3647 bn·

148 3698 173 3744 6.
201 3692 332 3762 infacete]
352 3693 398 3758 L,
425 3700 455 3746 ut
478 3691 621 3747 Rhenanus
692 3680 735 3757 ¹³,-
754 3694 853 3726 ¹²³²¹⁷⁰⁶
872 3676 973 3747 gloria]
999 3680 1054 3732 ΛΡ·
1079 3696 1167 3731 “lm

113 3763 224 3815 coniecit
243 3764 380 3825 legendum
401 3765 550 3831 recepitque
568 3766 620 3818 ott.
654 3745 758 3816 ἕῙθΜθ
776 3744 926 3800 Rhffllnffl·
943 3749 996 3801 bst·

112 3833 231 3900 infectae
259 3835 291 3886 P.
323 3834 410 3885 Locus
442 3850 475 3884 ex
502 3837 548 3898 its,
576 3836 621 3886 ubi
694 3837 737 3885 14.
755 3834 812 3904 qui]
833 3836 886 3887 ΑΡ.
906 3835 970 3904 quita
990 3836 1041 3888 bR.

112 3903 277 3966 ignoramus,
315 3910 404 3956 utrum
436 3904 622 3956 Amerbacltius
692 3908 736 3956 22.
755 3905 856 3972 utrius]
870 3907 925 3959 ΑΒ.
940 3906 1165 3975 utriusquePbR.

113 3974 287 4025 coniecturam
311 3990 384 4026 susm
402 3974 506 4027 lectioni
525 3974 622 4028 codicis
691 3980 736 4027 23.
754 3974 865 4043 eripuit]
890 3978 943 4030 ΑΡ.
962 3976 1069 4044 aperuit
1088 3977 1141 4029 stt.

113 4041 291 4108 substituerit,
304 4062 335 4097 sn
346 4043 486 4098 Rhenanus
496 4061 544 4099 suo
555 4042 622 4099 α’πο-
692 4047 735 4097 24.
761 4046 910 4099 contestaris
934 4045 1037 4114 impert]
1062 4045 1162 4099 ABbR.

112 4107 203 4185 ,pipp
221 4112 346 4183 deceptus
362 4117 404 4170 slt.
655 4114 749 4185 itineri
765 4117 797 4173 P.
