<?xml version="1.0" encoding="UTF-8"?>
<!DOCTYPE html PUBLIC "-//W3C//DTD XHTML 1.0 Transitional//EN"
    "http://www.w3.org/TR/xhtml1/DTD/xhtml1-transitional.dtd">
<html xmlns="http://www.w3.org/1999/xhtml" xml:lang="en" lang="en">
 <head>
  <title>
</title>
<meta http-equiv="Content-Type" content="text/html;charset=utf-8" />
  <meta name='ocr-system' content='tesseract 3.04.00' />
  <meta name='ocr-capabilities' content='ocr_page ocr_carea ocr_par ocr_line ocrx_word'/>
</head>
<body>
  <div class='ocr_page' id='page_1' title='image "./cvelleipatercul00orelgoog_0191.png"; bbox 0 0 2536 4590; ppageno 0'>
   <div class='ocr_carea' id='block_1_1' title="bbox 529 195 829 317">
    <p class='ocr_par' dir='ltr' id='par_1_1' title="bbox 529 195 829 317">
     <span class='ocr_line' id='line_1_1' title="bbox 529 195 829 317; baseline -0.01 -42"><span class='ocrx_word' id='word_1_1' title='bbox 529 240 594 275; x_wconf 90' lang='lat'>.-</span> <span class='ocrx_word' id='word_1_2' title='bbox 647 195 740 317; x_wconf 70' lang='lat' dir='ltr'>lit)¹</span> <span class='ocrx_word' id='word_1_3' title='bbox 778 238 829 255; x_wconf 87' lang='lat'>-</span> 
     </span>
    </p>
   </div>
   <div class='ocr_carea' id='block_1_2' title="bbox 160 380 1266 781">
    <p class='ocr_par' dir='ltr' id='par_1_2' title="bbox 160 358 1266 781">
     <span class='ocr_line' id='line_1_2' title="bbox 162 380 1266 464; baseline 0 -16"><span class='ocrx_word' id='word_1_4' title='bbox 162 382 312 448; x_wconf 85' lang='lat' dir='ltr'>dederant</span> <span class='ocrx_word' id='word_1_5' title='bbox 331 383 494 447; x_wconf 74' lang='lat' dir='ltr'>insomniis</span> <span class='ocrx_word' id='word_1_6' title='bbox 517 381 657 448; x_wconf 86' lang='lat' dir='ltr'>occidere</span> <span class='ocrx_word' id='word_1_7' title='bbox 678 402 751 445; x_wconf 88' lang='lat' dir='ltr'>cum</span> <span class='ocrx_word' id='word_1_8' title='bbox 779 381 828 446; x_wconf 89' lang='lat' dir='ltr'>eN</span> <span class='ocrx_word' id='word_1_9' title='bbox 847 382 935 448; x_wconf 92' lang='lat' dir='ltr'>cuius</span> <span class='ocrx_word' id='word_1_10' title='bbox 954 381 1126 448; x_wconf 76' lang='lat' dir='ltr'>amicitiam</span> <span class='ocrx_word' id='word_1_11' title='bbox 1149 384 1218 464; x_wconf 76' lang='lat' dir='ltr'>glo·</span> <span class='ocrx_word' id='word_1_12' title='bbox 1251 380 1266 461; x_wconf 71' lang='grc'>’1</span> 
     </span>
     <span class='ocr_line' id='line_1_3' title="bbox 160 476 1266 571; baseline 0 -25"><span class='ocrx_word' id='word_1_13' title='bbox 160 485 243 547; x_wconf 85' lang='lat' dir='ltr'>riose</span> <span class='ocrx_word' id='word_1_14' title='bbox 266 496 422 571; x_wconf 74' lang='lat' dir='ltr'>ostentam</span> <span class='ocrx_word' id='word_1_15' title='bbox 441 485 530 547; x_wconf 89' lang='lat' dir='ltr'>initio</span> <span class='ocrx_word' id='word_1_16' title='bbox 554 481 722 566; x_wconf 82' lang='lat' dir='ltr'>prodidere</span> <span class='ocrx_word' id='word_1_17' title='bbox 740 483 896 547; x_wconf 81' lang='lat' dir='ltr'>Antiocho</span> <span class='ocrx_word' id='word_1_18' title='bbox 919 485 1005 566; x_wconf 86' lang='lat' dir='ltr'>pacis</span> <span class='ocrx_word' id='word_1_19' title='bbox 1025 484 1218 548; x_wconf 82' lang='lat' dir='ltr'>mercedem.</span> <span class='ocrx_word' id='word_1_20' title='bbox 1261 476 1266 547; x_wconf 73' lang='grc' dir='ltr'>Ϊ</span> 
     </span>
     <span class='ocr_line' id='line_1_4' title="bbox 160 583 1264 668; baseline -0.002 -19"><span class='ocrx_word' id='word_1_21' title='bbox 160 586 373 668; x_wconf 90' lang='lat' dir='ltr'>posthabitum</span> <span class='ocrx_word' id='word_1_22' title='bbox 395 583 534 647; x_wconf 77' lang='lat' dir='ltr'>custodie</span> <span class='ocrx_word' id='word_1_23' title='bbox 555 584 622 665; x_wconf 83' lang='lat' dir='ltr'>agri</span> <span class='ocrx_word' id='word_1_24' title='bbox 643 583 725 665; x_wconf 89' lang='lat' dir='ltr'>capti</span> <span class='ocrx_word' id='word_1_25' title='bbox 743 584 777 647; x_wconf 83' lang='lat' dir='ltr'>ri</span> <span class='ocrx_word' id='word_1_26' title='bbox 795 586 943 667; x_wconf 87' lang='lat' dir='ltr'>sumptih.</span> <span class='ocrx_word' id='word_1_27' title='bbox 962 598 994 648; x_wconf 89' lang='lat' dir='ltr'>et</span> <span class='ocrx_word' id='word_1_28' title='bbox 1018 585 1220 649; x_wconf 85' lang='lat' dir='ltr'>contumeliis</span> <span class='ocrx_word' id='word_1_29' title='bbox 1261 598 1264 605; x_wconf 91' lang='lat'>&#39;</span> 
     </span>
     <span class='ocr_line' id='line_1_5' title="bbox 161 684 1266 781; baseline 0 -34"><span class='ocrx_word' id='word_1_30' title='bbox 161 708 202 748; x_wconf 87' lang='lat' dir='ltr'>ex</span> <span class='ocrx_word' id='word_1_31' title='bbox 222 706 294 765; x_wconf 85' lang='lat' dir='ltr'>rega</span> <span class='ocrx_word' id='word_1_32' title='bbox 318 687 529 748; x_wconf 88' lang='lat' dir='ltr'>miserrimum</span> <span class='ocrx_word' id='word_1_33' title='bbox 550 698 714 781; x_wconf 83' lang='lat' dir='ltr'>servorum</span> <span class='ocrx_word' id='word_1_34' title='bbox 735 684 867 748; x_wconf 89' lang='lat' dir='ltr'>efficere.</span> <span class='ocrx_word' id='word_1_35' title='bbox 887 688 1100 770; x_wconf 88' lang='lat' dir='ltr'>simulatoque</span> <span class='ocrx_word' id='word_1_36' title='bbox 1117 687 1218 767; x_wconf 90' lang='lat' dir='ltr'>impio</span> <span class='ocrx_word' id='word_1_37' title='bbox 1263 692 1266 755; x_wconf 73' lang='grc' dir='ltr'>ἶ</span> 
     </span>
    </p>
   </div>
   <div class='ocr_carea' id='block_1_3' title="bbox 125 783 1266 3219">
    <p class='ocr_par' dir='ltr' id='par_1_3' title="bbox 125 783 1266 3219">
     <span class='ocr_line' id='line_1_6' title="bbox 160 783 1238 868; baseline -0.004 -17"><span class='ocrx_word' id='word_1_38' title='bbox 160 800 342 852; x_wconf 88' lang='lat' dir='ltr'>testamento</span> <span class='ocrx_word' id='word_1_39' title='bbox 366 788 465 851; x_wconf 86' lang='lat' dir='ltr'>filium</span> <span class='ocrx_word' id='word_1_40' title='bbox 486 789 553 848; x_wconf 87' lang='lat' dir='ltr'>sius</span> <span class='ocrx_word' id='word_1_41' title='bbox 584 783 794 848; x_wconf 85' lang='lat' dir='ltr'>Aristonicum</span> <span class='ocrx_word' id='word_1_42' title='bbox 818 785 893 867; x_wconf 89' lang='lat' dir='ltr'>quia</span> <span class='ocrx_word' id='word_1_43' title='bbox 915 787 1053 868; x_wconf 90' lang='lat' dir='ltr'>patrium</span> <span class='ocrx_word' id='word_1_44' title='bbox 1082 794 1238 867; x_wconf 69' lang='lat' dir='ltr'>regnumt</span> 
     </span>
     <span class='ocr_line' id='line_1_7' title="bbox 159 885 1219 971; baseline 0.001 -23"><span class='ocrx_word' id='word_1_45' title='bbox 159 891 314 971; x_wconf 84' lang='lat' dir='ltr'>petiverat</span> <span class='ocrx_word' id='word_1_46' title='bbox 331 889 469 951; x_wconf 85' lang='lat' dir='ltr'>hostium</span> <span class='ocrx_word' id='word_1_47' title='bbox 492 908 581 951; x_wconf 91' lang='lat' dir='ltr'>more</span> <span class='ocrx_word' id='word_1_48' title='bbox 603 908 661 968; x_wconf 89' lang='lat' dir='ltr'>per</span> <span class='ocrx_word' id='word_1_49' title='bbox 681 887 777 946; x_wconf 89' lang='lat' dir='ltr'>trium</span> <span class='ocrx_word' id='word_1_50' title='bbox 807 888 875 948; x_wconf 90' lang='lat' dir='ltr'>fum</span> <span class='ocrx_word' id='word_1_51' title='bbox 897 885 1027 950; x_wconf 85' lang='lat' dir='ltr'>duxere.</span> <span class='ocrx_word' id='word_1_52' title='bbox 1070 886 1149 948; x_wconf 88' lang='lat' dir='ltr'>Asia</span> <span class='ocrx_word' id='word_1_53' title='bbox 1178 889 1219 949; x_wconf 90' lang='lat' dir='ltr'>ab</span> 
     </span>
     <span class='ocr_line' id='line_1_8' title="bbox 158 987 1218 1071; baseline 0.002 -22"><span class='ocrx_word' id='word_1_54' title='bbox 158 989 235 1071; x_wconf 87' lang='lat' dir='ltr'>ipsis</span> <span class='ocrx_word' id='word_1_55' title='bbox 258 991 382 1051; x_wconf 87' lang='lat' dir='ltr'>obsessa</span> <span class='ocrx_word' id='word_1_56' title='bbox 411 1000 466 1052; x_wconf 89' lang='lat' dir='ltr'>est.</span> <span class='ocrx_word' id='word_1_57' title='bbox 492 1000 650 1071; x_wconf 89' lang='lat' dir='ltr'>postremo</span> <span class='ocrx_word' id='word_1_58' title='bbox 674 987 855 1069; x_wconf 80' lang='lat' dir='ltr'>Bithyniam</span> <span class='ocrx_word' id='word_1_59' title='bbox 882 987 1055 1052; x_wconf 85' lang='lat' dir='ltr'>Nicomede</span> <span class='ocrx_word' id='word_1_60' title='bbox 1088 1001 1218 1052; x_wconf 87' lang='lat' dir='ltr'>mortuo</span> 
     </span>
     <span class='ocr_line' id='line_1_9' title="bbox 160 1088 1219 1173; baseline 0.004 -23"><span class='ocrx_word' id='word_1_61' title='bbox 160 1088 317 1173; x_wconf 86' lang='lat' dir='ltr'>diripuere</span> <span class='ocrx_word' id='word_1_62' title='bbox 340 1111 411 1151; x_wconf 90' lang='lat' dir='ltr'>cum</span> <span class='ocrx_word' id='word_1_63' title='bbox 431 1088 514 1151; x_wconf 88' lang='lat' dir='ltr'>filius</span> <span class='ocrx_word' id='word_1_64' title='bbox 535 1088 624 1171; x_wconf 88' lang='lat' dir='ltr'>Nysa</span> <span class='ocrx_word' id='word_1_65' title='bbox 649 1109 744 1172; x_wconf 90' lang='lat' dir='ltr'>quam</span> <span class='ocrx_word' id='word_1_66' title='bbox 769 1089 909 1168; x_wconf 82' lang='lat' dir='ltr'>reginam</span> <span class='ocrx_word' id='word_1_67' title='bbox 930 1089 1146 1171; x_wconf 80' lang='lat' dir='ltr'>appellaverat</span> <span class='ocrx_word' id='word_1_68' title='bbox 1166 1111 1219 1170; x_wconf 82' lang='lat' dir='ltr'>ge·</span> 
     </span>
     <span class='ocr_line' id='line_1_10' title="bbox 126 1189 1220 1272; baseline 0.001 -19"><span class='ocrx_word' id='word_1_69' title='bbox 126 1193 243 1253; x_wconf 79' lang='lat' dir='ltr'>tuitus</span> <span class='ocrx_word' id='word_1_70' title='bbox 270 1189 356 1253; x_wconf 89' lang='lat' dir='ltr'>haud</span> <span class='ocrx_word' id='word_1_71' title='bbox 388 1189 483 1253; x_wconf 90' lang='lat' dir='ltr'>dubie</span> <span class='ocrx_word' id='word_1_72' title='bbox 517 1202 606 1252; x_wconf 88' lang='lat' dir='ltr'>esset.</span> <span class='ocrx_word' id='word_1_73' title='bbox 658 1189 742 1252; x_wconf 87' lang='lat' dir='ltr'>Nam</span> <span class='ocrx_word' id='word_1_74' title='bbox 770 1189 845 1272; x_wconf 91' lang='lat' dir='ltr'>quid</span> <span class='ocrx_word' id='word_1_75' title='bbox 878 1211 934 1268; x_wconf 86' lang='lat' dir='ltr'>ego</span> <span class='ocrx_word' id='word_1_76' title='bbox 967 1211 1016 1251; x_wconf 88' lang='lat' dir='ltr'>me</span> <span class='ocrx_word' id='word_1_77' title='bbox 1048 1190 1220 1270; x_wconf 85' lang='lat' dir='ltr'>appellem.</span> 
     </span>
     <span class='ocr_line' id='line_1_11' title="bbox 160 1289 1249 1376; baseline 0 -23"><span class='ocrx_word' id='word_1_78' title='bbox 160 1313 254 1376; x_wconf 88' lang='lat' dir='ltr'>quem</span> <span class='ocrx_word' id='word_1_79' title='bbox 276 1291 449 1354; x_wconf 90' lang='lat' dir='ltr'>diiunctum</span> <span class='ocrx_word' id='word_1_80' title='bbox 470 1289 610 1372; x_wconf 88' lang='lat' dir='ltr'>undique</span> <span class='ocrx_word' id='word_1_81' title='bbox 633 1290 736 1367; x_wconf 83' lang='lat' dir='ltr'>regnis</span> <span class='ocrx_word' id='word_1_82' title='bbox 759 1300 789 1351; x_wconf 86' lang='lat' dir='ltr'>et</span> <span class='ocrx_word' id='word_1_83' title='bbox 809 1289 983 1356; x_wconf 85' lang='lat' dir='ltr'>tetrarchiis</span> <span class='ocrx_word' id='word_1_84' title='bbox 1016 1293 1056 1352; x_wconf 87' lang='lat' dir='ltr'>ab</span> <span class='ocrx_word' id='word_1_85' title='bbox 1078 1291 1217 1374; x_wconf 86' lang='lat' dir='ltr'>imperio</span> <span class='ocrx_word' id='word_1_86' title='bbox 1225 1301 1249 1340; x_wconf 78' lang='lat'>¹⁰</span> 
     </span>
     <span class='ocr_line' id='line_1_12' title="bbox 160 1390 1219 1478; baseline 0.001 -23"><span class='ocrx_word' id='word_1_87' title='bbox 160 1416 270 1458; x_wconf 90' lang='lat' dir='ltr'>eorum</span> <span class='ocrx_word' id='word_1_88' title='bbox 291 1395 365 1477; x_wconf 89' lang='lat' dir='ltr'>quia</span> <span class='ocrx_word' id='word_1_89' title='bbox 381 1395 464 1454; x_wconf 84' lang='lat' dir='ltr'>fama</span> <span class='ocrx_word' id='word_1_90' title='bbox 487 1404 554 1452; x_wconf 88' lang='lat' dir='ltr'>erat</span> <span class='ocrx_word' id='word_1_91' title='bbox 574 1390 701 1453; x_wconf 89' lang='lat' dir='ltr'>divitem</span> <span class='ocrx_word' id='word_1_92' title='bbox 725 1391 807 1475; x_wconf 89' lang='lat' dir='ltr'>Neq.</span> <span class='ocrx_word' id='word_1_93' title='bbox 836 1394 1025 1458; x_wconf 88' lang='lat' dir='ltr'>serviturum</span> <span class='ocrx_word' id='word_1_94' title='bbox 1050 1414 1131 1457; x_wconf 90' lang='lat' dir='ltr'>esse.</span> <span class='ocrx_word' id='word_1_95' title='bbox 1159 1415 1219 1478; x_wconf 91' lang='lat' dir='ltr'>per</span> 
     </span>
     <span class='ocr_line' id='line_1_13' title="bbox 158 1492 1266 1583; baseline 0.002 -27"><span class='ocrx_word' id='word_1_96' title='bbox 158 1492 360 1556; x_wconf 91' lang='lat' dir='ltr'>Nicomedem</span> <span class='ocrx_word' id='word_1_97' title='bbox 377 1494 462 1583; x_wconf 76' lang='lat' dir='ltr'>bello</span> <span class='ocrx_word' id='word_1_98' title='bbox 487 1493 712 1553; x_wconf 89' lang='lat' dir='ltr'>lacessiverunt</span> <span class='ocrx_word' id='word_1_99' title='bbox 731 1495 863 1556; x_wconf 83' lang='lat' dir='ltr'>&#39;sceleris</span> <span class='ocrx_word' id='word_1_100' title='bbox 884 1515 993 1557; x_wconf 92' lang='lat' dir='ltr'>eorum</span> <span class='ocrx_word' id='word_1_101' title='bbox 1014 1496 1104 1557; x_wconf 90' lang='lat' dir='ltr'>haud</span> <span class='ocrx_word' id='word_1_102' title='bbox 1125 1496 1218 1575; x_wconf 85' lang='lat' dir='ltr'>igna-</span> <span class='ocrx_word' id='word_1_103' title='bbox 1263 1510 1266 1519; x_wconf 89' lang='grc'><strong>’</strong></span> 
     </span>
     <span class='ocr_line' id='line_1_14' title="bbox 158 1591 1216 1677; baseline 0.003 -22"><span class='ocrx_word' id='word_1_104' title='bbox 158 1616 230 1656; x_wconf 89' lang='lat' dir='ltr'>rum</span> <span class='ocrx_word' id='word_1_105' title='bbox 250 1607 280 1655; x_wconf 93' lang='lat' dir='ltr'>et</span> <span class='ocrx_word' id='word_1_106' title='bbox 301 1615 338 1655; x_wconf 91' lang='lat' dir='ltr'>ea</span> <span class='ocrx_word' id='word_1_107' title='bbox 359 1614 439 1677; x_wconf 89' lang='lat' dir='ltr'>quac</span> <span class='ocrx_word' id='word_1_108' title='bbox 469 1591 608 1655; x_wconf 89' lang='lat' dir='ltr'>accidere</span> <span class='ocrx_word' id='word_1_109' title='bbox 635 1603 795 1655; x_wconf 88' lang='lat' dir='ltr'>testatum·</span> <span class='ocrx_word' id='word_1_110' title='bbox 810 1607 901 1657; x_wconf 92' lang='lat' dir='ltr'>antea</span> <span class='ocrx_word' id='word_1_111' title='bbox 929 1593 1096 1657; x_wconf 86' lang='lat' dir='ltr'>Cretenses</span> <span class='ocrx_word' id='word_1_112' title='bbox 1129 1599 1216 1658; x_wconf 83' lang='lat' dir='ltr'>solos</span> 
     </span>
     <span class='ocr_line' id='line_1_15' title="bbox 160 1695 1217 1775; baseline 0 -17"><span class='ocrx_word' id='word_1_113' title='bbox 160 1695 301 1759; x_wconf 88' lang='lat' dir='ltr'>omnium</span> <span class='ocrx_word' id='word_1_114' title='bbox 332 1695 449 1757; x_wconf 89' lang='lat' dir='ltr'>liberos</span> <span class='ocrx_word' id='word_1_115' title='bbox 484 1713 521 1754; x_wconf 94' lang='lat' dir='ltr'>ea</span> <span class='ocrx_word' id='word_1_116' title='bbox 558 1705 739 1775; x_wconf 85' lang='lat' dir='ltr'>tempestate</span> <span class='ocrx_word' id='word_1_117' title='bbox 775 1707 806 1757; x_wconf 90' lang='lat' dir='ltr'>et</span> <span class='ocrx_word' id='word_1_118' title='bbox 843 1716 947 1774; x_wconf 85' lang='lat' dir='ltr'>rogem</span> <span class='ocrx_word' id='word_1_119' title='bbox 986 1696 1217 1758; x_wconf 83' lang='lat' dir='ltr'>Ptolemaeum.</span> 
     </span>
     <span class='ocr_line' id='line_1_16' title="bbox 160 1793 1247 1881; baseline -0.003 -21"><span class='ocrx_word' id='word_1_120' title='bbox 160 1809 253 1881; x_wconf 88' lang='lat' dir='ltr'>atque</span> <span class='ocrx_word' id='word_1_121' title='bbox 275 1816 331 1876; x_wconf 83' lang='lat' dir='ltr'>ego</span> <span class='ocrx_word' id='word_1_122' title='bbox 353 1797 438 1857; x_wconf 92' lang='lat' dir='ltr'>ultus</span> <span class='ocrx_word' id='word_1_123' title='bbox 459 1794 589 1857; x_wconf 90' lang='lat' dir='ltr'>iniurias</span> <span class='ocrx_word' id='word_1_124' title='bbox 611 1793 814 1857; x_wconf 88' lang='lat' dir='ltr'>Nicomedem</span> <span class='ocrx_word' id='word_1_125' title='bbox 840 1796 990 1878; x_wconf 88' lang='lat' dir='ltr'>Bithynia</span> <span class='ocrx_word' id='word_1_126' title='bbox 1012 1797 1123 1877; x_wconf 80' lang='lat' dir='ltr'>expuli</span> <span class='ocrx_word' id='word_1_127' title='bbox 1142 1797 1247 1859; x_wconf 76' lang='lat' dir='ltr'>Asi-¹⁵</span> 
     </span>
     <span class='ocr_line' id='line_1_17' title="bbox 161 1896 1217 1980; baseline 0.002 -22"><span class='ocrx_word' id='word_1_128' title='bbox 161 1919 273 1980; x_wconf 78' lang='lat' dir='ltr'>arnque</span> <span class='ocrx_word' id='word_1_129' title='bbox 303 1897 439 1978; x_wconf 86' lang='lat' dir='ltr'>spolium</span> <span class='ocrx_word' id='word_1_130' title='bbox 469 1897 550 1975; x_wconf 85' lang='lat' dir='ltr'>regis</span> <span class='ocrx_word' id='word_1_131' title='bbox 582 1896 729 1958; x_wconf 85' lang='lat' dir='ltr'>Antiochi</span> <span class='ocrx_word' id='word_1_132' title='bbox 759 1897 864 1975; x_wconf 91' lang='lat' dir='ltr'>recepi</span> <span class='ocrx_word' id='word_1_133' title='bbox 887 1908 918 1958; x_wconf 91' lang='lat' dir='ltr'>et</span> <span class='ocrx_word' id='word_1_134' title='bbox 940 1896 1166 1959; x_wconf 88' lang='lat' dir='ltr'>Graeciaedem</span> <span class='ocrx_word' id='word_1_135' title='bbox 1189 1899 1217 1960; x_wconf 85' lang='lat' dir='ltr'>ei</span> 
     </span>
     <span class='ocr_line' id='line_1_18' title="bbox 159 1992 1216 2078; baseline 0 -18"><span class='ocrx_word' id='word_1_136' title='bbox 159 2020 304 2078; x_wconf 85' lang='lat' dir='ltr'>graveser</span> <span class='ocrx_word' id='word_1_137' title='bbox 323 1999 445 2062; x_wconf 89' lang='lat' dir='ltr'>vitium.</span> <span class='ocrx_word' id='word_1_138' title='bbox 477 1999 601 2078; x_wconf 90' lang='lat' dir='ltr'>incepta</span> <span class='ocrx_word' id='word_1_139' title='bbox 620 2017 690 2059; x_wconf 91' lang='lat' dir='ltr'>mea</span> <span class='ocrx_word' id='word_1_140' title='bbox 710 1992 885 2078; x_wconf 84' lang='lat' dir='ltr'>postremus</span> <span class='ocrx_word' id='word_1_141' title='bbox 907 2017 1072 2062; x_wconf 84' lang='lat' dir='ltr'>servorum</span> <span class='ocrx_word' id='word_1_142' title='bbox 1092 1998 1216 2060; x_wconf 83' lang='lat' dir='ltr'>Arche·</span> 
     </span>
     <span class='ocr_line' id='line_1_19' title="bbox 157 2097 1215 2181; baseline -0.001 -19"><span class='ocrx_word' id='word_1_143' title='bbox 157 2103 226 2162; x_wconf 84' lang='lat' dir='ltr'>laus</span> <span class='ocrx_word' id='word_1_144' title='bbox 250 2100 387 2164; x_wconf 87' lang='lat' dir='ltr'>exercitu</span> <span class='ocrx_word' id='word_1_145' title='bbox 415 2097 541 2179; x_wconf 87' lang='lat' dir='ltr'>prodito</span> <span class='ocrx_word' id='word_1_146' title='bbox 566 2099 739 2178; x_wconf 88' lang='lat' dir='ltr'>impedivit.</span> <span class='ocrx_word' id='word_1_147' title='bbox 765 2101 873 2181; x_wconf 88' lang='lat' dir='ltr'>illique</span> <span class='ocrx_word' id='word_1_148' title='bbox 902 2119 981 2181; x_wconf 89' lang='lat' dir='ltr'>quos</span> <span class='ocrx_word' id='word_1_149' title='bbox 1004 2100 1131 2177; x_wconf 85' lang='lat' dir='ltr'>ignavia</span> <span class='ocrx_word' id='word_1_150' title='bbox 1161 2112 1215 2161; x_wconf 87' lang='lat' dir='ltr'>aut</span> 
     </span>
     <span class='ocr_line' id='line_1_20' title="bbox 157 2200 1215 2286; baseline -0.004 -20"><span class='ocrx_word' id='word_1_151' title='bbox 157 2224 258 2286; x_wconf 84' lang='lat' dir='ltr'>prava</span> <span class='ocrx_word' id='word_1_152' title='bbox 278 2201 427 2263; x_wconf 85' lang='lat' dir='ltr'>calliditas</span> <span class='ocrx_word' id='word_1_153' title='bbox 451 2213 487 2262; x_wconf 91' lang='lat' dir='ltr'>ut</span> <span class='ocrx_word' id='word_1_154' title='bbox 507 2201 584 2261; x_wconf 87' lang='lat' dir='ltr'>meis</span> <span class='ocrx_word' id='word_1_155' title='bbox 604 2201 765 2262; x_wconf 88' lang='lat' dir='ltr'>laboribus</span> <span class='ocrx_word' id='word_1_156' title='bbox 789 2200 849 2261; x_wconf 88' lang='lat' dir='ltr'>tuti</span> <span class='ocrx_word' id='word_1_157' title='bbox 870 2211 971 2261; x_wconf 85' lang='lat' dir='ltr'>essent</span> <span class='ocrx_word' id='word_1_158' title='bbox 999 2201 1095 2261; x_wconf 86' lang='lat' dir='ltr'>armis</span> <span class='ocrx_word' id='word_1_159' title='bbox 1116 2200 1215 2262; x_wconf 85' lang='lat' dir='ltr'>absti-</span> 
     </span>
     <span class='ocr_line' id='line_1_21' title="bbox 158 2301 1247 2382; baseline -0.006 -16"><span class='ocrx_word' id='word_1_160' title='bbox 158 2305 227 2367; x_wconf 84' lang='lat' dir='ltr'>nuit</span> <span class='ocrx_word' id='word_1_161' title='bbox 249 2302 461 2363; x_wconf 83' lang='lat' dir='ltr'>acerbissimas</span> <span class='ocrx_word' id='word_1_162' title='bbox 482 2323 601 2381; x_wconf 90' lang='lat' dir='ltr'>poenas</span> <span class='ocrx_word' id='word_1_163' title='bbox 630 2305 763 2365; x_wconf 90' lang='lat' dir='ltr'>solvunt.</span> <span class='ocrx_word' id='word_1_164' title='bbox 816 2303 1011 2364; x_wconf 88' lang='lat' dir='ltr'>Ptolemaeus</span> <span class='ocrx_word' id='word_1_165' title='bbox 1041 2301 1147 2382; x_wconf 90' lang='lat' dir='ltr'>pretio</span> <span class='ocrx_word' id='word_1_166' title='bbox 1179 2301 1247 2361; x_wconf 78' lang='lat' dir='ltr'>inan</span> 
     </span>
     <span class='ocr_line' id='line_1_22' title="bbox 159 2401 1213 2483; baseline 0 -20"><span class='ocrx_word' id='word_1_167' title='bbox 159 2402 224 2463; x_wconf 91' lang='lat' dir='ltr'>dics</span> <span class='ocrx_word' id='word_1_168' title='bbox 258 2401 376 2462; x_wconf 89' lang='lat' dir='ltr'>bellum</span> <span class='ocrx_word' id='word_1_169' title='bbox 405 2403 583 2479; x_wconf 70' lang='lat' dir='ltr'>prolatans.</span> <span class='ocrx_word' id='word_1_170' title='bbox 627 2401 790 2466; x_wconf 83' lang='lat' dir='ltr'>Cretenses</span> <span class='ocrx_word' id='word_1_171' title='bbox 824 2401 987 2483; x_wconf 85' lang='lat' dir='ltr'>inpugnati</span> <span class='ocrx_word' id='word_1_172' title='bbox 1016 2403 1114 2464; x_wconf 88' lang='lat' dir='ltr'>semel</span> <span class='ocrx_word' id='word_1_173' title='bbox 1147 2403 1213 2463; x_wconf 87' lang='lat' dir='ltr'>iam</span> 
     </span>
     <span class='ocr_line' id='line_1_23' title="bbox 125 2501 1215 2587; baseline -0.001 -22"><span class='ocrx_word' id='word_1_174' title='bbox 125 2513 262 2587; x_wconf 91' lang='lat' dir='ltr'>5neque</span> <span class='ocrx_word' id='word_1_175' title='bbox 282 2503 377 2565; x_wconf 87' lang='lat' dir='ltr'>finem</span> <span class='ocrx_word' id='word_1_176' title='bbox 398 2501 459 2562; x_wconf 90' lang='lat' dir='ltr'>nisi</span> <span class='ocrx_word' id='word_1_177' title='bbox 482 2501 604 2564; x_wconf 85' lang='lat' dir='ltr'>excidio</span> <span class='ocrx_word' id='word_1_178' title='bbox 626 2504 762 2566; x_wconf 90' lang='lat' dir='ltr'>habitur.</span> <span class='ocrx_word' id='word_1_179' title='bbox 816 2501 970 2586; x_wconf 91' lang='lat' dir='ltr'>Equidem</span> <span class='ocrx_word' id='word_1_180' title='bbox 1003 2522 1102 2585; x_wconf 88' lang='lat' dir='ltr'>quom</span> <span class='ocrx_word' id='word_1_181' title='bbox 1133 2504 1215 2564; x_wconf 91' lang='lat' dir='ltr'>mihi</span> 
     </span>
     <span class='ocr_line' id='line_1_24' title="bbox 160 2601 1214 2696; baseline -0.003 -27"><span class='ocrx_word' id='word_1_182' title='bbox 160 2605 200 2669; x_wconf 90' lang='lat' dir='ltr'>ob</span> <span class='ocrx_word' id='word_1_183' title='bbox 221 2605 363 2685; x_wconf 86' lang='lat' dir='ltr'>ipsorum</span> <span class='ocrx_word' id='word_1_184' title='bbox 384 2601 509 2666; x_wconf 87' lang='lat' dir='ltr'>interna</span> <span class='ocrx_word' id='word_1_185' title='bbox 529 2605 611 2666; x_wconf 91' lang='lat' dir='ltr'>mala</span> <span class='ocrx_word' id='word_1_186' title='bbox 632 2602 727 2666; x_wconf 88' lang='lat' dir='ltr'>dilata</span> <span class='ocrx_word' id='word_1_187' title='bbox 745 2605 865 2686; x_wconf 89' lang='lat' dir='ltr'>proelia</span> <span class='ocrx_word' id='word_1_188' title='bbox 882 2603 977 2696; x_wconf 64' lang='lat' dir='ltr'>magis</span> <span class='ocrx_word' id='word_1_189' title='bbox 992 2623 1087 2686; x_wconf 89' lang='lat' dir='ltr'>quam</span> <span class='ocrx_word' id='word_1_190' title='bbox 1101 2624 1214 2683; x_wconf 89' lang='lat' dir='ltr'>pacem</span> 
     </span>
     <span class='ocr_line' id='line_1_25' title="bbox 159 2702 1214 2787; baseline 0 -19"><span class='ocrx_word' id='word_1_191' title='bbox 159 2706 261 2770; x_wconf 87' lang='lat' dir='ltr'>datam</span> <span class='ocrx_word' id='word_1_192' title='bbox 283 2706 504 2784; x_wconf 86' lang='lat' dir='ltr'>intellegerem.</span> <span class='ocrx_word' id='word_1_193' title='bbox 527 2710 684 2769; x_wconf 87' lang='lat' dir='ltr'>abnuente</span> <span class='ocrx_word' id='word_1_194' title='bbox 705 2707 840 2785; x_wconf 85' lang='lat' dir='ltr'>Tigrane</span> <span class='ocrx_word' id='word_1_195' title='bbox 862 2706 918 2787; x_wconf 91' lang='lat' dir='ltr'>qui</span> <span class='ocrx_word' id='word_1_196' title='bbox 936 2725 1006 2766; x_wconf 90' lang='lat' dir='ltr'>mea</span> <span class='ocrx_word' id='word_1_197' title='bbox 1032 2702 1115 2765; x_wconf 88' lang='lat' dir='ltr'>dicta</span> <span class='ocrx_word' id='word_1_198' title='bbox 1139 2725 1214 2768; x_wconf 87' lang='lat' dir='ltr'>sero</span> 
     </span>
     <span class='ocr_line' id='line_1_26' title="bbox 159 2804 1248 2891; baseline -0.007 -18"><span class='ocrx_word' id='word_1_199' title='bbox 159 2813 272 2891; x_wconf 87' lang='lat' dir='ltr'>prohat</span> <span class='ocrx_word' id='word_1_200' title='bbox 298 2820 329 2869; x_wconf 87' lang='lat' dir='ltr'>te</span> <span class='ocrx_word' id='word_1_201' title='bbox 355 2819 478 2869; x_wconf 91' lang='lat' dir='ltr'>remoto</span> <span class='ocrx_word' id='word_1_202' title='bbox 508 2810 621 2890; x_wconf 88' lang='lat' dir='ltr'>procul</span> <span class='ocrx_word' id='word_1_203' title='bbox 651 2809 795 2870; x_wconf 92' lang='lat' dir='ltr'>omnihus</span> <span class='ocrx_word' id='word_1_204' title='bbox 822 2807 889 2868; x_wconf 90' lang='lat' dir='ltr'>aliis</span> <span class='ocrx_word' id='word_1_205' title='bbox 921 2804 1068 2868; x_wconf 86' lang='lat' dir='ltr'>obnoxiis</span> <span class='ocrx_word' id='word_1_206' title='bbox 1099 2824 1248 2869; x_wconf 71' lang='lat' dir='ltr'>rursusne</span> 
     </span>
     <span class='ocr_line' id='line_1_27' title="bbox 158 2904 1214 2991; baseline 0.001 -20"><span class='ocrx_word' id='word_1_207' title='bbox 158 2923 263 2972; x_wconf 89' lang='lat' dir='ltr'>tamen</span> <span class='ocrx_word' id='word_1_208' title='bbox 279 2909 397 2970; x_wconf 89' lang='lat' dir='ltr'>bellum</span> <span class='ocrx_word' id='word_1_209' title='bbox 415 2908 515 2991; x_wconf 91' lang='lat' dir='ltr'>coepi.</span> <span class='ocrx_word' id='word_1_210' title='bbox 557 2909 764 2991; x_wconf 86' lang='lat' dir='ltr'>Marcumque</span> <span class='ocrx_word' id='word_1_211' title='bbox 778 2907 900 2970; x_wconf 83' lang='lat' dir='ltr'>Cottam</span> <span class='ocrx_word' id='word_1_212' title='bbox 908 2907 1087 2981; x_wconf 82' lang='lat' dir='ltr'>Romanurn</span> <span class='ocrx_word' id='word_1_213' title='bbox 1099 2904 1214 2972; x_wconf 89' lang='lat' dir='ltr'>ducem</span> 
     </span>
     <span class='ocr_line' id='line_1_28' title="bbox 160 2992 1215 3094; baseline -0.001 -22"><span class='ocrx_word' id='word_1_214' title='bbox 160 3009 243 3094; x_wconf 87' lang='lat' dir='ltr'>apud</span> <span class='ocrx_word' id='word_1_215' title='bbox 262 3008 459 3071; x_wconf 86' lang='lat' dir='ltr'>Calchedona</span> <span class='ocrx_word' id='word_1_216' title='bbox 479 3022 565 3073; x_wconf 87' lang='lat' dir='ltr'>terra</span> <span class='ocrx_word' id='word_1_217' title='bbox 583 3007 661 3073; x_wconf 86' lang='lat' dir='ltr'>fudi.</span> <span class='ocrx_word' id='word_1_218' title='bbox 677 3010 757 3072; x_wconf 88' lang='lat' dir='ltr'>mari</span> <span class='ocrx_word' id='word_1_219' title='bbox 778 3010 851 3071; x_wconf 88' lang='lat' dir='ltr'>exui</span> <span class='ocrx_word' id='word_1_220' title='bbox 867 3011 962 3074; x_wconf 87' lang='lat' dir='ltr'>classe</span> <span class='ocrx_word' id='word_1_221' title='bbox 979 2992 1215 3091; x_wconf 82' lang='lat' dir='ltr'>pulcherruma.</span> 
     </span>
     <span class='ocr_line' id='line_1_29' title="bbox 232 3147 1215 3219; baseline 0.001 -19"><span class='ocrx_word' id='word_1_222' title='bbox 232 3153 257 3204; x_wconf 91' lang='lat' dir='ltr'>t.</span> <span class='ocrx_word' id='word_1_223' title='bbox 275 3150 403 3203; x_wconf 86' lang='lat' dir='ltr'>occidere.</span> <span class='ocrx_word' id='word_1_224' title='bbox 439 3148 582 3205; x_wconf 77' lang='lat' dir='ltr'>Eumenem</span> <span class='ocrx_word' id='word_1_225' title='bbox 600 3152 693 3219; x_wconf 87' lang='lat' dir='ltr'>quoius</span> <span class='ocrx_word' id='word_1_226' title='bbox 728 3154 754 3202; x_wconf 83' lang='lat'>³.</span> <span class='ocrx_word' id='word_1_227' title='bbox 777 3155 838 3218; x_wconf 85' lang='lat' dir='ltr'>post</span> <span class='ocrx_word' id='word_1_228' title='bbox 862 3147 975 3202; x_wconf 87' lang='lat' dir='ltr'>habitum</span> <span class='ocrx_word' id='word_1_229' title='bbox 1000 3147 1136 3203; x_wconf 86' lang='lat' dir='ltr'>custodias</span> <span class='ocrx_word' id='word_1_230' title='bbox 1154 3150 1215 3215; x_wconf 82' lang='lat' dir='ltr'>agri</span> 
     </span>
    </p>
   </div>
   <div class='ocr_carea' id='block_1_4' title="bbox 159 3218 1215 3344">
    <p class='ocr_par' dir='ltr' id='par_1_4' title="bbox 159 3218 1215 3344">
     <span class='ocr_line' id='line_1_30' title="bbox 159 3218 1215 3290; baseline 0.003 -20"><span class='ocrx_word' id='word_1_231' title='bbox 159 3218 255 3284; x_wconf 80' lang='lat' dir='ltr'>captivi</span> <span class='ocrx_word' id='word_1_232' title='bbox 290 3223 316 3270; x_wconf 82' lang='grc'>4.</span> <span class='ocrx_word' id='word_1_233' title='bbox 334 3222 447 3272; x_wconf 82' lang='lat' dir='ltr'>effecere</span> <span class='ocrx_word' id='word_1_234' title='bbox 482 3227 509 3274; x_wconf 85' lang='lat'>6.</span> <span class='ocrx_word' id='word_1_235' title='bbox 527 3221 683 3290; x_wconf 86' lang='lat' dir='ltr'>triumphum</span> <span class='ocrx_word' id='word_1_236' title='bbox 719 3225 763 3275; x_wconf 86' lang='grc'>16.</span> <span class='ocrx_word' id='word_1_237' title='bbox 781 3221 909 3274; x_wconf 86' lang='lat' dir='ltr'>Graeciae</span> <span class='ocrx_word' id='word_1_238' title='bbox 933 3220 1033 3288; x_wconf 81' lang='lat' dir='ltr'>dempsi</span> <span class='ocrx_word' id='word_1_239' title='bbox 1050 3218 1130 3286; x_wconf 74' lang='lat' dir='ltr'>grave</span> <span class='ocrx_word' id='word_1_240' title='bbox 1155 3235 1215 3273; x_wconf 83' lang='lat' dir='ltr'>ner-</span> 
     </span>
     <span class='ocr_line' id='line_1_31' title="bbox 159 3287 721 3344; baseline 0.005 -5"><span class='ocrx_word' id='word_1_241' title='bbox 159 3288 250 3339; x_wconf 89' lang='lat' dir='ltr'>vitium</span> <span class='ocrx_word' id='word_1_242' title='bbox 284 3287 459 3340; x_wconf 66' lang='lat' dir='ltr'>talliottam</span> <span class='ocrx_word' id='word_1_243' title='bbox 493 3295 538 3343; x_wconf 75' lang='lat' dir='ltr'>at.</span> <span class='ocrx_word' id='word_1_244' title='bbox 556 3291 721 3344; x_wconf 87' lang='lat' dir='ltr'>Chalcedona</span> 
     </span>
    </p>
   </div>
   <div class='ocr_carea' id='block_1_5' title="bbox 195 3390 1214 3533">
    <p class='ocr_par' dir='ltr' id='par_1_5' title="bbox 195 3390 1214 3533">
     <span class='ocr_line' id='line_1_32' title="bbox 195 3390 1214 3463; baseline 0 -19"><span class='ocrx_word' id='word_1_245' title='bbox 195 3404 319 3444; x_wconf 74' lang='lat' dir='ltr'>comus.</span> <span class='ocrx_word' id='word_1_246' title='bbox 355 3393 381 3444; x_wconf 77' lang='grc'>3.</span> <span class='ocrx_word' id='word_1_247' title='bbox 396 3399 461 3458; x_wconf 78' lang='lat' dir='ltr'>post</span> <span class='ocrx_word' id='word_1_248' title='bbox 476 3391 608 3444; x_wconf 83' lang='lat' dir='ltr'>Attalum</span> <span class='ocrx_word' id='word_1_249' title='bbox 625 3392 762 3446; x_wconf 75' lang='lat' dir='ltr'>custodem</span> <span class='ocrx_word' id='word_1_250' title='bbox 797 3397 823 3446; x_wconf 80' lang='grc'>7.</span> <span class='ocrx_word' id='word_1_251' title='bbox 839 3403 971 3462; x_wconf 77' lang='lat' dir='ltr'>postremo</span> <span class='ocrx_word' id='word_1_252' title='bbox 995 3399 1081 3443; x_wconf 82' lang='lat' dir='ltr'>totam</span> <span class='ocrx_word' id='word_1_253' title='bbox 1108 3390 1214 3463; x_wconf 72' lang='lat' dir='ltr'>Bithy-</span> 
     </span>
     <span class='ocr_line' id='line_1_33' title="bbox 229 3460 1214 3533; baseline 0.001 -21"><span class='ocrx_word' id='word_1_254' title='bbox 229 3460 303 3512; x_wconf 82' lang='lat' dir='ltr'>niam</span> <span class='ocrx_word' id='word_1_255' title='bbox 346 3465 372 3512; x_wconf 81' lang='grc' dir='ltr'>θ.</span> <span class='ocrx_word' id='word_1_256' title='bbox 397 3461 477 3512; x_wconf 83' lang='lat' dir='ltr'>Nusa</span> <span class='ocrx_word' id='word_1_257' title='bbox 518 3467 545 3514; x_wconf 84' lang='grc'>8.</span> <span class='ocrx_word' id='word_1_258' title='bbox 573 3461 779 3533; x_wconf 78' lang='lat' dir='ltr'>adpellcverant</span> <span class='ocrx_word' id='word_1_259' title='bbox 826 3469 868 3519; x_wconf 85' lang='lat'>10.</span> <span class='ocrx_word' id='word_1_260' title='bbox 893 3462 1055 3516; x_wconf 79' lang='lat' dir='ltr'>disiunctum</span> <span class='ocrx_word' id='word_1_261' title='bbox 1100 3464 1144 3517; x_wconf 80' lang='lat' dir='ltr'>ts.</span> <span class='ocrx_word' id='word_1_262' title='bbox 1169 3462 1214 3515; x_wconf 82' lang='lat' dir='ltr'>atti</span> 
     </span>
    </p>
   </div>
   <div class='ocr_carea' id='block_1_6' title="bbox 229 3530 562 3602">
    <p class='ocr_par' dir='ltr' id='par_1_6' title="bbox 229 3530 562 3602">
     <span class='ocr_line' id='line_1_34' title="bbox 229 3530 562 3602; baseline 0.003 -17"><span class='ocrx_word' id='word_1_263' title='bbox 229 3536 274 3586; x_wconf 78' lang='lat'>20.</span> <span class='ocrx_word' id='word_1_264' title='bbox 289 3531 378 3602; x_wconf 84' lang='lat' dir='ltr'>precio</span> <span class='ocrx_word' id='word_1_265' title='bbox 396 3530 474 3600; x_wconf 85' lang='lat' dir='ltr'>[diss]</span> <span class='ocrx_word' id='word_1_266' title='bbox 495 3530 562 3586; x_wconf 81' lang='lat' dir='ltr'>dello</span> 
     </span>
    </p>
   </div>
   <div class='ocr_carea' id='block_1_7' title="bbox 158 3635 1217 4198">
    <p class='ocr_par' dir='ltr' id='par_1_7' title="bbox 158 3635 1217 4058">
     <span class='ocr_line' id='line_1_35' title="bbox 194 3635 1213 3708; baseline -0.002 -19"><span class='ocrx_word' id='word_1_267' title='bbox 194 3641 220 3691; x_wconf 88' lang='lat'>1.</span> <span class='ocrx_word' id='word_1_268' title='bbox 239 3635 355 3691; x_wconf 83' lang='lat' dir='ltr'>occidere</span> <span class='ocrx_word' id='word_1_269' title='bbox 374 3653 432 3688; x_wconf 84' lang='lat' dir='ltr'>eum</span> <span class='ocrx_word' id='word_1_270' title='bbox 450 3638 497 3689; x_wconf 87' lang='lat' dir='ltr'>eN</span> <span class='ocrx_word' id='word_1_271' title='bbox 510 3637 598 3705; x_wconf 83' lang='lat' dir='ltr'>cuius]</span> <span class='ocrx_word' id='word_1_272' title='bbox 622 3638 667 3693; x_wconf 85' lang='lat' dir='ltr'>stc</span> <span class='ocrx_word' id='word_1_273' title='bbox 701 3639 727 3692; x_wconf 88' lang='lat' dir='ltr'>itt</span> <span class='ocrx_word' id='word_1_274' title='bbox 747 3637 832 3693; x_wconf 79' lang='lat' dir='ltr'>Vatis.</span> <span class='ocrx_word' id='word_1_275' title='bbox 846 3653 885 3708; x_wconf 84' lang='lat' dir='ltr'>pr.</span> <span class='ocrx_word' id='word_1_276' title='bbox 900 3637 1038 3707; x_wconf 80' lang='lat' dir='ltr'>repetitur,</span> <span class='ocrx_word' id='word_1_277' title='bbox 1050 3636 1213 3708; x_wconf 72' lang='lat' dir='ltr'>semelqum,</span> 
     </span>
     <span class='ocr_line' id='line_1_36' title="bbox 159 3706 849 3776; baseline 0.003 -16"><span class='ocrx_word' id='word_1_278' title='bbox 159 3709 234 3774; x_wconf 79' lang='lat' dir='ltr'>(nour</span> <span class='ocrx_word' id='word_1_279' title='bbox 254 3706 399 3759; x_wconf 82' lang='lat' dir='ltr'>occiderum</span> <span class='ocrx_word' id='word_1_280' title='bbox 411 3712 455 3757; x_wconf 74' lang='lat' dir='ltr'>‘sa</span> <span class='ocrx_word' id='word_1_281' title='bbox 474 3710 561 3776; x_wconf 82' lang='lat' dir='ltr'>cuius)</span> <span class='ocrx_word' id='word_1_282' title='bbox 582 3712 666 3763; x_wconf 87' lang='lat' dir='ltr'>Vatic.</span> <span class='ocrx_word' id='word_1_283' title='bbox 701 3710 762 3762; x_wconf 88' lang='lat' dir='ltr'>alibi</span> <span class='ocrx_word' id='word_1_284' title='bbox 781 3727 849 3762; x_wconf 85' lang='lat' dir='ltr'>cum.</span> 
     </span>
     <span class='ocr_line' id='line_1_37' title="bbox 159 3773 1213 3846; baseline 0.002 -17"><span class='ocrx_word' id='word_1_285' title='bbox 159 3778 666 3846; x_wconf 68' lang='lat' dir='ltr'>pavatio.Bongsrsitttdtttonesantc</span> <span class='ocrx_word' id='word_1_286' title='bbox 736 3784 779 3832; x_wconf 83' lang='grc'>26.</span> <span class='ocrx_word' id='word_1_287' title='bbox 798 3776 903 3846; x_wconf 56' lang='lat' dir='ltr'>*coepti</span> <span class='ocrx_word' id='word_1_288' title='bbox 924 3777 1022 3830; x_wconf 84' lang='lat' dir='ltr'>Firmst</span> <span class='ocrx_word' id='word_1_289' title='bbox 1050 3773 1117 3828; x_wconf 89' lang='lat' dir='ltr'>hano</span> <span class='ocrx_word' id='word_1_290' title='bbox 1151 3777 1213 3831; x_wconf 84' lang='lat' dir='ltr'>lect.</span> 
     </span>
     <span class='ocr_line' id='line_1_38' title="bbox 158 3846 1216 3916; baseline -0.002 -16"><span class='ocrx_word' id='word_1_291' title='bbox 158 3849 338 3900; x_wconf 86' lang='lat' dir='ltr'>Aleandviusm</span> <span class='ocrx_word' id='word_1_292' title='bbox 356 3848 552 3914; x_wconf 63' lang='lat' dir='ltr'>Panaima,</span> <span class='ocrx_word' id='word_1_293' title='bbox 574 3852 665 3916; x_wconf 90' lang='lat' dir='ltr'>inqua</span> <span class='ocrx_word' id='word_1_294' title='bbox 701 3850 786 3903; x_wconf 81' lang='lat' dir='ltr'>Vatis.</span> <span class='ocrx_word' id='word_1_295' title='bbox 815 3864 854 3916; x_wconf 85' lang='lat' dir='ltr'>pr.</span> <span class='ocrx_word' id='word_1_296' title='bbox 879 3848 965 3902; x_wconf 86' lang='lat' dir='ltr'>Vatic.</span> <span class='ocrx_word' id='word_1_297' title='bbox 990 3847 1139 3913; x_wconf 77' lang='lat' dir='ltr'>Bougnrsii.</span> <span class='ocrx_word' id='word_1_298' title='bbox 1157 3846 1216 3915; x_wconf 80' lang='lat' dir='ltr'>capi</span> 
     </span>
     <span class='ocr_line' id='line_1_39' title="bbox 158 3917 966 3986; baseline 0.001 -18"><span class='ocrx_word' id='word_1_299' title='bbox 158 3921 268 3984; x_wconf 83' lang='lat' dir='ltr'>primum</span> <span class='ocrx_word' id='word_1_300' title='bbox 286 3918 371 3986; x_wconf 86' lang='lat' dir='ltr'>repeti</span> <span class='ocrx_word' id='word_1_301' title='bbox 390 3917 571 3972; x_wconf 83' lang='lat' dir='ltr'>emendatum:</span> <span class='ocrx_word' id='word_1_302' title='bbox 597 3920 666 3972; x_wconf 87' lang='lat' dir='ltr'>occi·</span> <span class='ocrx_word' id='word_1_303' title='bbox 701 3922 762 3976; x_wconf 85' lang='lat' dir='ltr'>Vnt.</span> <span class='ocrx_word' id='word_1_304' title='bbox 781 3935 834 3973; x_wconf 88' lang='lat' dir='ltr'>sec.</span> <span class='ocrx_word' id='word_1_305' title='bbox 854 3918 966 3970; x_wconf 80' lang='lat' dir='ltr'>Cottius.</span> 
     </span>
     <span class='ocr_line' id='line_1_40' title="bbox 159 3985 1217 4058; baseline 0.005 -23"><span class='ocrx_word' id='word_1_306' title='bbox 159 3985 226 4038; x_wconf 81' lang='lat' dir='ltr'>dare.</span> <span class='ocrx_word' id='word_1_307' title='bbox 250 3991 394 4039; x_wconf 77' lang='lat' dir='ltr'>Euntcrtcm</span> <span class='ocrx_word' id='word_1_308' title='bbox 413 3987 517 4057; x_wconf 81' lang='lat' dir='ltr'>quoius.</span> <span class='ocrx_word' id='word_1_309' title='bbox 736 3994 781 4042; x_wconf 81' lang='lat' dir='ltr'>at.</span> <span class='ocrx_word' id='word_1_310' title='bbox 797 3987 998 4058; x_wconf 80' lang='lat' dir='ltr'>pulcherruma]</span> <span class='ocrx_word' id='word_1_311' title='bbox 1016 3986 1077 4040; x_wconf 82' lang='lat' dir='ltr'>Hoc</span> <span class='ocrx_word' id='word_1_312' title='bbox 1095 3988 1155 4040; x_wconf 83' lang='lat' dir='ltr'>loco</span> <span class='ocrx_word' id='word_1_313' title='bbox 1168 4003 1217 4041; x_wconf 79' lang='lat' dir='ltr'>stt-</span> 
     </span>
    </p>

    <p class='ocr_par' dir='ltr' id='par_1_8' title="bbox 194 4057 1215 4128">
     <span class='ocr_line' id='line_1_41' title="bbox 194 4057 1215 4128; baseline 0.006 -22"><span class='ocrx_word' id='word_1_314' title='bbox 194 4060 236 4108; x_wconf 80' lang='lat'>19.</span> <span class='ocrx_word' id='word_1_315' title='bbox 256 4059 300 4124; x_wconf 88' lang='lat' dir='ltr'>ut]</span> <span class='ocrx_word' id='word_1_316' title='bbox 321 4059 403 4111; x_wconf 85' lang='lat' dir='ltr'>Vatic.</span> <span class='ocrx_word' id='word_1_317' title='bbox 423 4075 461 4126; x_wconf 89' lang='lat' dir='ltr'>pr.</span> <span class='ocrx_word' id='word_1_318' title='bbox 486 4057 529 4109; x_wconf 84' lang='lat' dir='ltr'>uti</span> <span class='ocrx_word' id='word_1_319' title='bbox 546 4058 667 4112; x_wconf 85' lang='lat' dir='ltr'>Gerlach.</span> <span class='ocrx_word' id='word_1_320' title='bbox 703 4062 767 4128; x_wconf 83' lang='lat' dir='ltr'>pari.</span> <span class='ocrx_word' id='word_1_321' title='bbox 786 4060 812 4111; x_wconf 92' lang='lat' dir='ltr'>in</span> <span class='ocrx_word' id='word_1_322' title='bbox 831 4075 908 4110; x_wconf 83' lang='lat' dir='ltr'>umus</span> <span class='ocrx_word' id='word_1_323' title='bbox 932 4059 957 4110; x_wconf 90' lang='lat' dir='ltr'>lu</span> <span class='ocrx_word' id='word_1_324' title='bbox 983 4059 1067 4111; x_wconf 79' lang='lat' dir='ltr'>Vallo.</span> <span class='ocrx_word' id='word_1_325' title='bbox 1095 4073 1134 4126; x_wconf 86' lang='lat' dir='ltr'>pt.</span> <span class='ocrx_word' id='word_1_326' title='bbox 1162 4074 1215 4112; x_wconf 80' lang='lat' dir='ltr'>cx-</span> 
     </span>
    </p>

    <p class='ocr_par' dir='ltr' id='par_1_9' title="bbox 191 4127 1063 4198">
     <span class='ocr_line' id='line_1_42' title="bbox 191 4127 1063 4198; baseline 0.003 -22"><span class='ocrx_word' id='word_1_327' title='bbox 191 4130 236 4179; x_wconf 74' lang='lat'>22.</span> <span class='ocrx_word' id='word_1_328' title='bbox 261 4129 349 4196; x_wconf 81' lang='lat' dir='ltr'>quom]</span> <span class='ocrx_word' id='word_1_329' title='bbox 377 4127 421 4179; x_wconf 84' lang='lat' dir='ltr'>Bis</span> <span class='ocrx_word' id='word_1_330' title='bbox 450 4129 514 4181; x_wconf 86' lang='lat' dir='ltr'>haec</span> <span class='ocrx_word' id='word_1_331' title='bbox 540 4130 668 4198; x_wconf 83' lang='lat' dir='ltr'>scriptura</span> <span class='ocrx_word' id='word_1_332' title='bbox 703 4137 769 4196; x_wconf 84' lang='lat' dir='ltr'>stot3</span> <span class='ocrx_word' id='word_1_333' title='bbox 785 4131 935 4198; x_wconf 83' lang='lat' dir='ltr'>plerunque</span> <span class='ocrx_word' id='word_1_334' title='bbox 953 4127 1031 4181; x_wconf 78' lang='lat' dir='ltr'>iosus.</span> <span class='ocrx_word' id='word_1_335' title='bbox 1059 4160 1063 4166; x_wconf 95' lang='lat'><em>-</em></span> 
     </span>
    </p>
   </div>
   <div class='ocr_carea' id='block_1_8' title="bbox 0 0 1272 4590">
    <p class='ocr_par' dir='ltr' id='par_1_10' title="bbox 0 0 1272 4590">
     <span class='ocr_line' id='line_1_43' title="bbox 0 0 1272 4590; baseline 0 2"><span class='ocrx_word' id='word_1_336' title='bbox 0 0 1272 4590; x_wconf 95' lang='lat' dir='ltr'> </span> 
     </span>
    </p>
   </div>
  </div>
 </body>
</html>
