2536 4590
558 126 840 203 *128-

167 322 278 383 iamem
313 341 415 404 neque
447 320 614 381 instantem
647 316 800 378 sustinere
829 336 931 401 neque
965 328 1001 380 ut
1032 317 1264 381 facientibtua

166 422 288 502 copiam
308 421 468 502 pugnandi
489 417 754 500 dirigentibusque
780 419 876 481 aciem
899 441 973 482 ansa
995 419 1142 500 congredi
1161 441 1264 483 oc*

132 536 277 604 scopato
300 538 407 586 nronte
431 521 563 585 Claudio
584 519 759 582 munitione
781 541 814 582 se
839 518 987 584 defendit.
1028 526 1069 585 At
1086 545 1121 585 ea
1135 543 1254 605 para,

166 646 247 707 quae
268 626 393 689 obviarn
419 647 451 688 se
474 621 627 686 effuderat
656 622 823 698 exercitui,
856 645 948 706 quem
973 629 1012 685 A.
1037 622 1165 688 Caecina
1181 630 1244 683 et

165 728 309 790 Silvanus
333 730 472 790 Plautius
504 727 680 788 consulares
711 745 752 785 ex
779 727 995 788 transmarinis
1023 721 1264 790 adducebant⁵

163 831 352 910 provinciis,
389 830 575 891 circumfusa
609 828 749 910 quinque
777 829 953 906 legionibus
985 831 1101 892 nostris
1128 827 1245 891 auxi⁶

163 932 354 1015 liaribusque
376 946 406 998 et
435 931 586 1014 equitatui
608 931 710 1008 regio,
740 931 856 1015 quippe
887 951 1032 1010 magnam
1063 932 1245 994 Thracum

164 1057 259 1098 manu
279 1036 402 1096 iunctus
431 1033 608 1116 praedictus
638 1030 770 1095 ducibus
795 1032 921 1096 Rhome
944 1045 975 1093 et
996 1033 1087 1093 Alces
1117 1033 1248 1095 ‘lbra‘

165 1141 229 1202 ciae
249 1161 309 1200 rex
329 1140 363 1200 in
388 1137 579 1201 adiutorium
608 1136 674 1196 eius
697 1136 773 1196 belli
797 1156 901 1198 secum
928 1135 1089 1210 trahebat,
1118 1142 1251 1215 paene

132 1244 354 1314 nexitiabilem
377 1243 521 1305 omnibus
546 1239 663 1301 cladem
688 1239 803 1302 intulit.
847 1239 934 1316 Fuga
946 1238 1105 1317 regiorum
1121 1254 1254 1320 eque-⁶

76 1403 84 1415 ,
164 1349 236 1410 stris
257 1346 356 1417 acies,
383 1346 505 1421 fugatae
528 1345 609 1418 alae,
642 1361 809 1404 conversae
843 1341 987 1402 cohortes
1020 1352 1110 1416 suut,
1142 1335 1256 1421 apt1¹

161 1449 250 1526 'signa
274 1465 400 1527 qnoque
423 1444 581 1523 legionum
606 1441 807 1523 trepidatum.
861 1441 923 1503 Sed
954 1443 1091 1505 Romani
1117 1443 1254 1507 virtus

163 1548 268 1608 militis
289 1548 359 1628 plus
382 1568 419 1609 eo
439 1559 581 1626 tempore
602 1543 794 1608 vindicatum
816 1546 933 1624 gloriae
964 1567 1059 1627 quam
1087 1544 1257 1607 ducitae.

162 1650 299 1732 reliquit.
322 1650 376 1731 qui
396 1652 529 1711 multum
553 1669 658 1710 amore
679 1648 877 1753 impgratoris
898 1648 946 1708 sui
964 1660 1125 1728 crepantes
1145 1653 1249 1709 sate

163 1755 198 1816 in
218 1754 339 1815 hostem
360 1750 556 1827 inciderunt,
581 1773 675 1834 quam
695 1771 754 1832 per
778 1752 1013 1831 exploratores,
1035 1751 1091 1812 ubi
1119 1735 1264 1812 hostis-'3¹

130 1871 148 1922 6
164 1867 260 1930 esset,
282 1867 512 1931 cognoscerent.
554 1855 619 1914 Iam
632 1855 726 1932 igitur
738 1853 772 1912 in
791 1851 893 1914 dubiis
910 1856 1006 1914 rebus
1025 1865 1121 1916 semet
1133 1854 1234 1935 ipsse

161 1959 297 2036 legiones
319 1953 500 2017 adhortatae
524 1954 669 2033 iugulatIs
691 1956 730 2016 ab
757 1956 848 2017 hoste
871 1952 1062 2037 quibusdam
1086 1952 1222 2017 tribunis

162 2059 314 2135 militum,
339 2057 523 2138 interempto
545 2057 704 2136 praefecto
725 2069 896 2119 castrorum
914 2057 1145 2171 praelective
1164 2076 1220 2119 cu·

105 2188 109 2203 ··
162 2162 299 2226 hortium
322 2179 386 2220 non
407 2161 576 2221 incruentis
598 2158 846 2235 centurionibus,
873 2159 988 2240 quibus
1011 2159 1106 2221 etiam
1125 2157 1215 2241 primi

163 2260 289 2325 ordines
312 2258 468 2335 cecidere,
490 2263 631 2329 invasere
653 2262 757 2323 hostes
780 2282 837 2322 nec
869 2261 1050 2322 sustinuisse
1083 2261 1243 2325 contentitt

161 2370 331 2445 praerupta
353 2379 461 2420 eorum
481 2362 545 2423 acie
560 2383 600 2422 ex
616 2364 772 2443 insperato
792 2364 954 2425 victoriam
971 2362 1214 2429 vindicaverunt.

235 2482 260 2531 1.
279 2480 404 2533 instantes
440 2482 465 2531 1.
479 2493 564 2545 neque
581 2496 641 2533 cum
659 2481 812 2533 iacientibus
857 2485 883 2533 8.
901 2496 1005 2535 manum
1023 2482 1130 2537 iunctus
1143 2498 1216 2554 prae

163 2550 238 2605 dictis
256 2550 364 2602 ducibus
381 2547 581 2604 Rhoemetalces
618 2556 661 2606 10.
680 2552 750 2604 Fusa
787 2553 938 2606 13.virtute
975 2556 1049 2608 rsa
1065 2568 1141 2611 mure
1175 2555 1216 2609 ld.

161 2624 202 2677 sui
221 2621 396 2689 discrepantes
432 2625 474 2673 19.
494 2637 509 2673 c
528 2622 635 2688 quibus‘
656 2627 702 2675 21.
720 2631 844 2692 perrupta

161 2725 309 2777 utilitatem
321 2733 440 2776 nostram
458 2736 603 2792 macerata,
618 2728 671 2794 leg.
706 2725 830 2778 metnlces
848 2725 997 2783 Rhenanus.
1012 2727 1047 2781 R.
1067 2727 1220 2796 (Rametal-

162 2797 263 2850 videtur
279 2795 504 2867 voluntatemque.
706 2816 747 2848 ces
766 2797 802 2861 h.)
1220 2805 1229 2815 ”

199 2873 222 2919 1.
252 2866 407 2933 instantem]
434 2867 534 2921 APhR.
561 2863 670 2920 metan—
743 2872 785 2920 10.
804 2867 895 2937 Fuga]
917 2868 971 2920 AB.
997 2870 1076 2920 Fusa
1100 2869 1218 2925 Vossius.

162 2947 203 2989 tes
222 2938 362 2989 Acidalius.
705 2940 740 2992 R.
759 2940 870 3007 Fugare
885 2939 934 2991 Pb.

198 3014 222 3060 1.
249 3017 281 3058 ut
301 3003 481 3076 sarientibus]
502 3008 581 3059 APR.
611 3024 671 3058 cum
744 3012 785 3060 12.
802 3008 924 3074 Romam]
947 3009 1027 3062 APR.
1050 3010 1175 3060 Romana
1192 3008 1219 3061 h.

156 3075 327 3149 facientibus
338 3077 442 3130 Rntnk.
457 3076 627 3146 facientibus
646 3080 670 3132 b.
743 3082 786 3131 12.
807 3078 904 3144 virtus]
929 3079 1027 3130 antt.
1052 3078 1159 3133 virtute
1186 3080 1219 3132 0.

196 3152 223 3198 2.
242 3147 469 3216 dirigentidttsque
482 3147 575 3213 acient]
595 3149 670 3200 ssbR.
707 3150 781 3201 Haec
799 3151 898 3199 scilicet
916 3149 1061 3201 emendatio
1073 3157 1102 3202 et
1118 3149 1221 3203 facilior

163 3215 342 3286 derigentibus
360 3216 418 3281 (sic)
437 3234 506 3285 quac
523 3218 605 3266 aciem
627 3235 672 3271 sn·
707 3227 734 3271 et
754 3219 911 3287 probabilior
928 3219 1029 3272 videtur
1051 3236 1129 3286 quam
1158 3221 1219 3272 eln-

162 3302 258 3356 persct·
277 3285 363 3336 aciam
387 3287 419 3339 Α.
445 3285 672 3358 dirigentibusque
708 3291 809 3340 dicauit
834 3305 880 3356 pro
908 3289 1084 3340 vindicatum.
1128 3293 1219 3345 Altera

161 3357 279 3409 etiamP.
294 3363 319 3409 et
333 3359 358 3408 in
373 3371 456 3423 marg.
467 3358 671 3420 „alimaniam”
706 3367 765 3412 utra
783 3367 868 3411 antem
884 3362 1028 3413 necessaria
1046 3368 1096 3413 est.

196 3433 222 3483 3.
243 3428 283 3479 At
294 3428 337 3494 ea]
352 3428 427 3479 BhR.
442 3426 530 3477 altera
544 3431 574 3480 Α.
589 3438 671 3480 antea
744 3434 786 3482 13.
804 3431 981 3497 vindicatum]
1000 3432 1102 3485 APbR.
1126 3430 1219 3485 viudi-

161 3501 191 3554 P.
211 3508 238 3552 et
256 3500 281 3551 in
298 3515 378 3565 marg.
397 3499 486 3563 „Alias
504 3507 536 3548 at
554 3498 611 3552 ea.'’
707 3501 779 3551 canit
807 3502 946 3554 Puteanus.
978 3500 1160 3567 (vindicatum
1184 3500 1264 3629 a*

114 3595 119 3603 ·
195 3576 221 3623 ¹1.
248 3568 396 3640 equitatur]
426 3570 507 3622 APR.
543 3570 670 3641 equitatu
706 3572 861 3639 Bipuntini.)
928 3616 931 3621 ,

160 3640 307 3695 Rhenanus.
327 3641 351 3691 b.
603 3648 605 3653 '
743 3646 783 3694 14.
802 3642 901 3708 amore]
921 3643 992 3696 APb.
1019 3658 1038 3692 a
1056 3658 1128 3695 more
1145 3642 1220 3696 Pau·

88 3758 90 3763 .
195 3719 221 3766 1,
239 3710 374 3781 magnam]
386 3710 415 3762 A.
429 3711 468 3774 (ut
480 3709 668 3764 volebatRhe·
705 3718 787 3766 tanus.
804 3714 839 3765 R.
1178 3730 1182 3741 ·

160 3786 260 3850 nanus.)
279 3782 331 3834 stt.
350 3796 448 3850 magna
467 3781 498 3832 P.
667 3818 670 3825 ·
740 3787 781 3837 14.
800 3783 949 3850 crepantes]
966 3783 1038 3836 APb.
1057 3780 1218 3855 discrepast-
1262 3774 1264 3787 '

195 3859 220 3906 8.
240 3853 332 3918 marna]
353 3852 407 3905 ΔΡ.
436 3866 542 3901 nranum
560 3850 668 3905 Rhena—
702 3861 743 3905 tes
760 3855 899 3906 Pantanus.
918 3853 953 3905 R.

159 3939 215 3977 nus.
235 3925 287 3976 bR.
739 3928 780 3976 19.
795 3923 902 3995 quibus]
912 3923 994 3976 ABR.
1010 3920 1132 3995 equibus
1143 3922 1218 3979 Boe·

194 3998 221 4047 8.
238 3993 358 4060 iunctus]
379 3990 477 4044 nubit.
494 3989 601 4043 virtutus
617 3994 647 4045 P.
701 3996 793 4048 cletus.
812 3995 858 4064 qui
875 3995 923 4048 Pb.

194 4068 220 4116 8.
227 4061 664 4149 praedictus]l.praedictisPhR.
736 4070 780 4117 20.
800 4064 914 4131 ordines]
934 4064 1015 4116 APR·
1034 4061 1137 4116 ordinis
1155 4064 1183 4116 lt.

193 4138 219 4187 8.
237 4133 339 4186 Rhome
356 4141 383 4184 st
400 4133 492 4200 Alces]
503 4133 558 4188 AB.
577 4133 667 4187 Rhoe·
735 4134 1217 4207 at.praerupta]1.psrrupral'btt.
