2536 4590
553 138 834 247 -so-‘

153 361 270 423 mitem.
294 379 368 420 nam
387 357 489 420 Pollio
510 358 636 420 Asinius
658 380 728 420 cum
752 371 869 440 septem
888 361 1064 441 legionibus
1082 363 1138 425 diu
1163 388 1214 428 re·

152 476 237 526 tenta
257 463 292 523 in
312 473 462 544 potestate
483 461 614 522 Antonii
635 461 784 538 Venetia,
801 464 920 541 magnis
933 463 1147 546 speciosisque
1160 487 1213 528 re·

152 569 212 628 bus
232 566 314 627 circa
330 565 469 626 Altinum
493 563 631 644 aliasque
652 562 719 623 eius
740 563 875 641 regionis
899 567 992 627 nrbes
1016 564 1118 643 editis,
1144 569 1213 629 An·

150 669 272 731 tunium
291 680 416 749 petens,
438 684 551 744 vagum
573 662 675 724 adhuc
697 664 888 742 Domitium,
918 687 1013 748 quem
1034 665 1213 746 digressum

151 790 168 830 e
187 769 346 832 Brutianis
362 768 469 830 castris
485 778 557 848 post
573 764 698 828 caedem
710 768 776 828 eius
788 766 1002 847 praediximus
1022 781 1051 830 et
1069 791 1234 850 propraes

151 873 254 934 classis
275 875 390 933 factum
410 867 540 946 ducem,
572 870 708 930 consiliis
732 871 796 930 suis
825 872 957 931 electum
989 870 1109 933 aclide
1137 871 1213 935 data

116 975 253 1041 3iunxit
271 973 421 1035 Antonio.
463 968 534 1045 Quo
554 971 657 1047 facto,
689 971 832 1053 quisquis
865 994 1000 1055 aequum
1020 992 1053 1033 se
1074 977 1212 1052 praesti-

148 1079 235 1154 terit,
258 1077 335 1137 sciat
355 1095 420 1136 non
442 1073 546 1134 minus
577 1073 759 1135 aPollione
781 1073 815 1134 in
842 1075 1017 1135 Antonium
1044 1095 1141 1156 quam
1168 1079 1209 1138 ab

148 1180 286 1241 Antonio
307 1178 342 1237 in
362 1177 535 1238 Pollionem
558 1194 624 1235 esse
646 1176 814 1236 conlatum.
856 1175 1019 1239 Adventus
1041 1175 1159 1240 deinde
1173 1180 1210 1239 in

146 1283 268 1343 Italiam
288 1278 418 1340 Antonii
437 1288 702 1358 praeparatosque
731 1290 841 1339 contra
871 1298 943 1340 eum
978 1278 1119 1341 Caesaris
1149 1281 1244 1342 hano

147 1383 217 1445 buit
239 1382 314 1441 belli
333 1392 471 1455 metum,
497 1376 551 1438 sed
572 1398 637 1458 pax
659 1390 768 1440 contra
795 1379 1000 1443 Brundisium
1023 1384 1210 1461 composita.

115 1486 208 1553 4Per
229 1502 309 1563 quae
334 1491 476 1559 tempora
501 1478 575 1540 Ruti
595 1477 767 1542 Salvidieni
795 1482 925 1542 scelesta
957 1481 1087 1544 consilia
1114 1494 1208 1561 pate·

147 1586 331 1644 factasunt.
365 1580 420 1661 qui
441 1593 533 1642 natus
554 1579 782 1644 obscurissimis
805 1582 902 1644 initiis
931 1604 1045 1665 parum
1067 1585 1208 1647 habebat

147 1705 299 1746 summam
329 1683 482 1763 accepisse
513 1696 545 1744 et
569 1684 734 1763 proximus
765 1705 784 1743 a
812 1683 869 1745 Cn.
889 1685 1042 1764 Pompeio
1067 1685 1206 1769 ipsoque

148 1787 280 1850 Caesare
302 1806 342 1847 ex
362 1785 500 1868 equestri
520 1784 637 1847 ordinis
659 1785 748 1850 COS.
771 1800 891 1848 creatus
920 1806 1005 1863 esse,
1028 1788 1091 1848 nisi
1109 1788 1147 1849 in
1175 1791 1243 1855 ists

147 1889 332 1955 ascendisset
354 1908 436 1969 equo
457 1888 542 1949 inira
562 1907 595 1948 se
617 1900 649 1949 et
669 1888 834 1951 Caesarem
853 1887 975 1951 uideret
996 1900 1028 1957 et
1046 1910 1150 1971 remp.

114 2009 129 2058 1
229 1989 393 2051 LXXVII.
434 1989 518 2050 Tum
537 1993 754 2070 expostulante
775 2011 930 2054 consensu
957 1992 1085 2071 populi,
1106 2014 1206 2075 quem

144 2095 247 2175 gravis
268 2092 380 2154 urebat
399 2089 514 2152 infesto
536 2092 617 2151 mari
639 2113 782 2170 annona,
803 2112 874 2153 cum
894 2093 1047 2173 Pompeio
1072 2114 1204 2177 quoquc

146 2199 227 2258 circa
246 2195 403 2255 Misenum
424 2213 487 2273 pax
507 2192 601 2272 inita,
621 2192 678 2276 qui
700 2193 786 2255 haud
807 2193 961 2270 absurdo,
979 2214 1050 2255 cum
1070 2194 1105 2256 in
1127 2198 1206 2260 navi

145 2297 372 2376 Caesaremque
395 2307 424 2354 et
444 2295 616 2357 Antonium
638 2280 734 2357 coena
759 2296 933 2376 exciperet,
956 2293 1035 2357 dixit
1057 2295 1091 2355 in
1109 2294 1243 2363 Cari-so

145 2400 194 2460 nis
223 2398 287 2458 suis
317 2416 349 2457 se
381 2415 510 2455 coenam
535 2393 628 2474 dare,
657 2398 795 2458 referens
828 2399 890 2458 hoc
918 2395 1036 2459 dictum
1067 2394 1107 2460 ad
1139 2401 1203 2461 loci

145 2521 283 2577 nomen,
303 2498 420 2578 inquo
442 2508 575 2576 paterna
601 2495 712 2559 domus
735 2500 774 2559 ab
799 2493 942 2560 Antonio
970 2494 1204 2583 possidebatur.

112 2603 182 2676 2111
201 2603 262 2663 hoc
286 2599 370 2681 pacis
398 2596 524 2659 foedere
554 2599 671 2681 placuit
697 2599 835 2661 Siciliam
863 2600 1075 2681 Achaiamqua
1104 2600 1202 2662 Pom·

144 2703 216 2786 peio
239 2699 419 2765 concedere.
441 2698 476 2759 in
498 2721 561 2782 quo
582 2715 688 2763 tamen
710 2701 832 2763 animus
847 2700 971 2784 inquies
987 2720 1113 2763 manere
1132 2722 1202 2766 non

144 2805 256 2886 potuit.
297 2802 334 2866 ld
364 2821 463 2864 unum
493 2803 709 2867 tantummodo
739 2803 874 2864 salutare
904 2797 947 2884 -Ι-
973 2800 1110 2867 adventu
1138 2824 1240 2871 suess

1092 2898 1102 2931 Ι

216 2974 241 3022 5.
259 2971 379 3037 propriae
414 2974 441 3022 6.
459 2970 574 3024 illectum
612 2975 654 3024 11.
668 2973 737 3024 circa
773 2972 815 3023 14.
829 2983 928 3021 summa
965 2971 1007 3020 lb.
1022 2967 1113 3021 ordine
1153 2974 1199 3024 lb.

143 3040 170 3093 in
187 3041 214 3092 id
231 3040 405 3105 ascendisset,
422 3057 437 3093 e
455 3055 507 3107 qno
543 3046 586 3094 19.
603 3042 718 3094 absurde

178 3170 205 3218 b.
222 3166 345 3233 proprus]
365 3166 396 3218 B.
413 3165 538 3232 propriae
553 3166 650 3220 sttt.
723 3170 766 3218 15.
785 3165 820 3232 is]
841 3165 897 3218 AB.
914 3163 945 3214 id
960 3164 1101 3217 Puteanus.
1115 3164 1153 3219 R.

178 3240 204 3286 6.
221 3233 343 3298 electum]
363 3237 417 3286 ΑΡ.
435 3234 555 3284 illectum
573 3237 624 3287 bR.
722 3242 764 3288 16.
782 3236 859 3305 equo]
879 3236 917 3302 [Β.
936 3252 950 3285 e
972 3253 1025 3305 quo
1048 3234 1130 3287 APR.
1156 3234 1199 3301 (m'

178 3309 204 3357 t.
223 3305 281 3369 Quo
295 3302 387 3373 sacto]
403 3304 499 3356 APbR.
519 3304 650 3376 cnifacto
685 3305 765 3358 simul
789 3306 968 3370 ascendisset,
994 3321 1008 3354 e
1032 3322 1085 3375 qno
1108 3306 1142 3359 P.
1168 3305 1199 3357 m'

142 3374 282 3427 Acidalins.
684 3373 766 3429 simul
782 3374 960 3439 ascendisset,
978 3390 1011 3424 as
1029 3390 1063 3425 ue
1079 3374 1118 3441 lt.)

178 3449 221 3496 10.
236 3444 480 3514 praeparatnsque]
497 3445 579 3498 APtt.
594 3462 649 3515 pa·
720 3450 764 3497 19.
782 3442 908 3510 absurdo]
923 3446 978 3497 ΑΡ.
991 3392 1105 3497 absrde
1120 3444 1200 3501 Rhe-

141 3516 308 3585 rutusqneb.
683 3531 773 3568 nanus.
791 3515 843 3567 bR.

178 3591 220 3638 10.
234 3582 327 3637 scritta
336 3601 395 3635 enm
409 3585 541 3653 Caesaris]
550 3586 649 3640 ABbtt.
718 3590 763 3638 26.
781 3584 900 3635 adventu
917 3582 978 3648 suo]
998 3583 1070 3636 APb.
1088 3583 1124 3637 R.
1145 3582 1200 3649 (hie

142 3657 264 3707 Caesaris
283 3665 453 3706 contraeunt
471 3658 502 3709 P.
685 3655 723 3722 [].
743 3655 796 3707 Sed
815 3654 1001 3707 emendandum
1015 3654 1126 3718 videtur,
1144 3670 1200 3709 nott

178 3731 221 3778 ll.
239 3724 343 3790 contra]
365 3726 419 3777 AB.
438 3725 510 3776 circa
528 3728 604 3783 Pbtt.
685 3727 851 3789 eliciendum,
879 3739 938 3776 cum
970 3739 1003 3776 eo
1038 3725 1135 3777 entim
1161 3740 1198 3778 ex

177 3801 220 3848 ts.
240 3794 316 3862 Rufi]
336 3795 393 3846 stt.
411 3796 486 3860 Rnffi
504 3797 552 3850 Pb.
687 3812 745 3849 meo
771 3797 862 3847 saltem
888 3808 965 3845 seusu
993 3794 1068 3846 nimis
1103 3809 1199 3849 manca

178 3870 219 3918 14.
237 3864 460 3930 suntmam]APb.
477 3868 655 3921 surrtmaAci-
690 3866 811 3918 evaderet
835 3865 969 3917 sententia.
1014 3865 1100 3920 Quid,
1123 3867 1198 3930 quod

141 3934 231 3988 datius.
251 3937 285 3988 R.
576 3964 580 3971 ·
687 3937 766 3989 lectio
785 3936 850 3989 Cod.
874 3936 905 3986 A.
931 3935 1060 3999 significat
1089 3936 1198 3999 gns-tus

178 4010 220 4057 111.
239 4003 367 4074 equesen]
386 4002 461 4054 nult.
479 4005 650 4075 equestrisP.
686 4006 729 4058 ltic
752 4008 833 4057 latere
858 4003 993 4068 mendum,
1021 4013 1106 4057 ortum
1130 4021 1199 4071 pro·-

141 4074 339 4143 (sequestris.)
685 4077 727 4127 otti
745 4077 839 4140 dubio,
861 4083 891 4127 tlt
908 4076 1008 4125 notavit
1030 4076 1081 4127 111111
1098 4073 1197 4129 Ruhn-

178 4149 219 4197 15.
238 4142 348 4213 ordinis]
376 4146 453 4207 ΔΒΡ.
479 4142 570 4199 ordine
595 4144 647 4198 bn.
683 4146 790 4211 lenius,
808 4161 841 4201 cx
857 4161 903 4209 eo,
921 4144 992 4211 quod
1008 4144 1106 4197 librarii
1123 4148 1197 4199 ocull

236 4272 418 4304 Q.
