2564 4590
537 185 917 262 -196-1

59 413 63 422 .
139 375 319 441 apolloniam
337 376 363 427 in
388 375 473 426 studia
499 376 661 441 praemissus.

155 445 219 499 ibid.
238 450 264 501 4.
285 452 345 514 post
362 446 469 497 caedem
486 447 606 503 ,avunculi
625 446 663 494 lc-

155 518 261 581 glonum
294 518 433 568 vicinarum
467 531 572 582 operam
604 530 664 582 pro-

155 587 258 638 missam
278 603 409 653 spernens,
426 587 536 638 Romam
550 586 663 636 festinat.

157 661 183 720 2,
201 661 246 720 59,
265 662 290 707 5.
311 658 448 707 Brundusii
461 657 578 707 avunculi
594 656 665 706 necis

158 733 185 778 ct
214 728 361 777 testamenti
380 728 505 777 rationem
531 726 664 791 comperit.

156 794 219 846 ibid.
238 796 375 862 adoptatus
396 792 453 848 erat
465 813 480 847 a
494 798 605 847 Caesare
618 809 665 860 per

157 872 349 918 testamentum.
386 865 449 918 ibid.
478 871 503 918 1.
537 864 666 928 frequenti

158 937 288 987 hominurn
312 950 421 986 occursu
457 942 484 986 et
516 934 665 1000 prodigiosa

157 1008 219 1056 solis
239 1005 303 1056 lacie
321 1006 423 1057 Romae
442 1010 573 1070 exceptus.
599 1002 663 1052 ibid.

157 1082 182 1126 6.
202 1075 288 1125 invitis
306 1075 456 1141 parentibus
481 1075 600 1125 Caesaris
619 1073 664 1122 hcm

156 1144 292 1197 feditatem
311 1160 370 1196 cum
386 1145 488 1196 nomine
497 1146 558 1195 adit.
577 1149 605 1208 2,
621 1148 665 1206 60,

157 1220 173 1266 1
197 1231 236 1280 sq.
269 1216 302 1266 ab
332 1216 444 1267 Antonio
476 1215 588 1281 superbe
618 1229 665 1264 ex·

158 1292 258 1351 ceptus.
283 1283 346 1336 ibid.
366 1288 393 1337 3.
421 1286 454 1336 ab
484 1286 574 1337 eodem
602 1284 667 1334 iusi-

157 1356 256 1406 diarnm
275 1361 429 1406 structarum
444 1357 582 1406 incusatus.
602 1352 665 1404 ibid.

158 1427 191 1472 ab
211 1423 301 1474 eodem
318 1425 411 1474 infesto
438 1425 535 1475 insidiis
561 1425 665 1489 petitus.

157 1492 219 1543 ibid.
232 1498 257 1543 5.
276 1509 332 1544 xix.
347 1508 427 1544 annos
444 1500 527 1557 natus,
543 1495 667 1559 privatus,

159 1565 300 1613 exercitum
327 1577 374 1628 pro
393 1579 446 1630 rep.
469 1570 542 1630 parat
560 1579 575 1614 e
593 1569 667 1614 vete·

132 1634 134 1643 ⁴
159 1634 228 1682 rarris
247 1632 373 1683 Caesaris.
392 1637 419 1697 2,
433 1637 476 1697 61,
497 1639 563 1699 lsq.
581 1635 667 1698 legio·

159 1719 217 1755 nem
237 1703 358 1754 Martiam
375 1710 401 1754 et
415 1706 547 1768 Quartam,
564 1704 596 1755 ab
613 1707 667 1754 dn·

162 1774 233 1824 tenio
252 1774 385 1838 alienatas,
405 1776 432 1825 in
451 1781 535 1826 castra
553 1789 600 1825 sua
619 1789 666 1824 ex-

81 1868 83 1872 ·
161 1845 231 1910 cipit.
248 1842 311 1896 ibid.
329 1847 355 1895 2.
376 1843 485 1897 honores
500 1846 524 1896 ei
543 1861 557 1896 a
575 1852 666 1895 senatu

161 1914 266 1964 decreti.
285 1912 349 1967 ibid.
368 1919 394 1966 a.
423 1917 448 1966 ei
473 1931 520 1981 pro
547 1920 667 1980 praetore

159 2001 211 2035 rura
229 2000 285 2035 cum
306 1984 379 2035 Coss.
397 1985 491 2036 bellam
510 1991 597 2036 contra
613 1986 667 2034 Au-

159 2054 257 2103 tonium
285 2054 428 2106 nrnndatur.
454 2053 518 2106 ibid.
547 2055 574 2104 id
597 2055 667 2104 circa

158 2124 285 2175 hlntinam
301 2125 332 2173 ab
344 2139 375 2174 eo
391 2124 493 2174 fortiter
505 2122 666 2174 administra-

159 2203 222 2243 tum.
241 2193 303 2244 ibid.
323 2197 348 2246 4.
375 2201 433 2260 post
457 2196 551 2246 victum
582 2196 666 2243 Anto-

159 2265 227 2313 nium
247 2271 350 2329 spretus
368 2271 408 2315 est
426 2281 442 2314 a
461 2270 560 2316 senatu.
579 2267 605 2326 2,
622 2266 665 2325 62,

160 2338 185 2381 5.
205 2333 237 2381 ab
251 2336 366 2382 exercitu
378 2349 425 2384 suo
438 2334 592 2389 vindicatus.
601 2330 665 2383 ibid.

160 2400 197 2450 ab
213 2404 324 2452 Aratonlo
345 2403 560 2453 admonitionibus
578 2407 605 2453 et
616 2403 666 2452 mi-

160 2472 199 2520 nis
218 2470 250 2519 ad
266 2473 428 2522 concordiam
441 2478 468 2522 ct
478 2473 664 2523 triumuiratum

160 2541 275 2592 adactus.
294 2546 320 2604 2,
339 2547 382 2602 65,
402 2546 427 2594 l.
446 2543 563 2608 privigna
583 2544 665 2591 Anto-

159 2611 194 2662 nii
213 2613 236 2662 ei
255 2612 390 2677 desponsa.
416 2610 478 2664 ibid.
503 2617 529 2664 2.
553 2613 664 2662 nondnm

160 2697 205 2731 xx.
221 2697 300 2732 annos
319 2690 393 2733 natns
406 2684 494 2733 consul
509 2683 592 2734 iactus
606 2698 665 2733 cum

159 2753 193 2805 O.
213 2751 302 2802 Pedio.
321 2751 383 2804 ibid.
401 2762 529 2819 repugnat
554 2753 666 2820 proscri-

735 376 904 442 componitur.
923 372 988 425 ibid.
1003 369 1237 424 a'Salridieailtui

735 447 911 498 coniuratione
927 446 953 495 in
969 459 999 494 se
1011 442 1172 494 vindicatur.
1186 438 1237 492 itit

735 519 761 567 4.
779 531 795 566 a
813 517 876 566 Sex.
895 512 1024 580 Pompeio
1044 526 1131 562 coena
1150 512 1177 561 in
1194 511 1238 560 rari

736 590 868 651 exceptus.
889 588 915 646 2,
935 588 980 647 77,
1002 587 1024 635 1.
1051 583 1078 632 iu
1097 581 1237 644 lllyricoel

735 656 864 708 Delmatia
881 654 975 704 milites
996 666 1062 708 suos
1089 653 1237 712 exerceas,

735 730 780 788 78,
793 729 819 775 2.
839 726 933 775 bellum
946 723 1073 773 adversus
1089 723 1157 772 Sex.
1172 721 1237 771 Pon·

736 790 924 860 peium'parat.
949 797 982 855 2,
1011 796 1067 855 79,
1095 796 1121 843 l.
1151 791 1238 841 Liriau

735 865 816 914 ducit.
835 862 899 916 ibid.
916 867 942 913 2.
968 863 1068 912 bellum
1095 876 1159 912 cum
1184 861 1238 910 Ser.

736 934 863 998 Pompeio
888 933 957 985 varia
990 933 1123 998 primum,
1158 929 1238 981 deinde

736 1003 849 1055 secunda
866 1003 966 1070 fortuna
979 1002 1058 1065 gerit.
1077 1000 1146 1053 ibid.
1161 1005 1177 1052 a
1190 1016 1237 1065 sqq.

737 1073 881 1140 Lepidum,
900 1089 934 1125 ex
952 1071 1040 1123 hirica
1061 1073 1185 1133 accitum,
1201 1086 1238 1121 su·

729 1144 897 1210 perbieutem
922 1143 1039 1194 exercitu
1065 1147 1093 1191 et
1122 1143 1238 1206 dignitate

737 1215 817 1265 exuit.
840 1218 866 1277 2,
884 1218 928 1263 80.
947 1212 1104 1263 seditionem
1119 1213 1240 1263 exercitus

737 1284 851 1336 discutit.
869 1288 895 1346 2,
913 1287 957 1345 81,
977 1286 1000 1332 1.
1020 1279 1185 1348 Campanam
1202 1297 1240 1332 co

738 1355 830 1405 loniam
856 1355 1051 1419 supplemento,
1079 1352 1208 1403 reditibus
1221 1357 1242 1402 et

737 1424 913 1489 aequaeductu
940 1431 1027 1488 auget.
1075 1420 1143 1475 ibid.
1160 1427 1188 1474 2.
1222 1422 1242 1472 iu

706 1518 709 1528 ι
737 1495 835 1545 Urbem
864 1508 982 1544 reversus
1012 1493 1106 1542 domos
1135 1496 1242 1544 coemtio

737 1565 848 1631 publicis
864 1565 952 1614 usibus
977 1562 1100 1626 destinat,
1120 1570 1150 1614 et
1169 1563 1243 1628 Apol-

739 1636 783 1685 lini
813 1636 935 1700 templnm
966 1640 1051 1684 vovet.
1077 1631 1145 1684 ibid.
1171 1637 1196 1683 9.
1222 1633 1244 1682 in

738 1707 861 1756 Plancum
896 1705 928 1754 ab
957 1704 1073 1753 Antonio
1109 1702 1245 1770 profugum

738 1776 850 1827 clemens
865 1780 912 1826 est.
931 1777 957 1836 2,
968 1778 1012 1836 88,
1026 1777 1052 1824 2.
1066 1773 1139 1838 apud
1148 1775 1244 1823 Action

738 1845 851 1897 dimicat.
867 1849 894 1906 2,
912 1848 956 1906 85,
976 1847 988 1892 1
1008 1858 1066 1907 sqq.
1095 1841 1247 1893 Antoniauis

737 1915 815 1965 vitam
836 1920 862 1963 et
881 1915 978 1964 veniam
992 1913 1081 1964 offert.
1099 1911 1168 1962 ibid.
1184 1917 1246 1976 4sq.

737 1985 873 2034 clementia
892 1984 947 2033 eius
964 1983 990 2032 in
1009 1984 1104 2046 victos,
1122 1986 1152 2046 2,
1165 1987 1210 2046 86,
1224 1986 1247 2034 2.

736 2058 781 2116 87,
798 2058 824 2105 2.
848 2055 874 2104 in
901 2055 1014 2104 Sosium.
1039 2050 1106 2103 ibid.
1137 2055 1248 2118 Cleopa-

737 2130 802 2173 tram
821 2129 848 2173 et
863 2124 1000 2174 Antonium
1021 2123 1093 2172 bello
1112 2123 1247 2188 persequi·

736 2199 786 2243 tur.
804 2197 830 2255 2,
849 2197 893 2254 87,
914 2197 937 2243 l.
963 2193 999 2244 M.
1020 2192 1143 2258 Lepidus
1162 2195 1249 2244 couiu·

736 2270 777 2313 rat
795 2264 820 2313 in
840 2278 907 2313 eum.
926 2267 959 2326 2,
977 2266 1028 2326 88,
1049 2266 1075 2312 1.
1104 2264 1133 2313 iu
1155 2264 1248 2316 Urbem

736 2349 855 2383 reversus
869 2332 1024 2398 triumphat,
1042 2339 1070 2383 et
1084 2333 1165 2384 ludos
1182 2335 1249 2384 iacit.

736 2406 763 2464 2,
776 2407 820 2464 89,
839 2408 863 2453 1.
883 2403 1031 2453 felicitatem
1046 2403 1105 2454 orbi
1120 2410 1248 2454 terrarum

736 2473 858 2523 restitnit.
882 2471 945 2523 ibid.
974 2477 991 2539 2
1011 2489 1069 2536 sqq.
1096 2476 1249 2525 consulatus

734 2543 1029 2594 undecim-continuavit.
1044 2541 1111 2593 ibid.
1128 2549 1157 2596 5.
1168 2546 1249 2595 dicta-

736 2621 819 2664 turam
847 2615 950 2679 repulit.
991 2610 1054 2662 ibid.
1092 2614 1247 2680 Hispaniam

736 2683 891 2750 perdomuit.
910 2686 936 2746 2,
954 2687 998 2743 90,
1014 2686 1066 2733 tet
1075 2686 1100 2734 4.
1120 2688 1169 2748 39,
1185 2689 1249 2750 2sq.

737 2753 854 2822 Reliqua
872 2752 926 2803 vid.
945 2751 995 2802 sub
1014 2771 1039 2805 v.
1059 2756 1209 2818 Augrrstus.

157 2823 255 2886 piloni,
282 2823 327 2872 sed
346 2823 449 2876 frustra.
477 2829 510 2888 2,
527 2830 577 2882 66,
597 2827 664 2887 lsq.
701 2823 863 2890 Olympiadis
877 2839 913 2874 rr.
932 2837 1012 2873 annus
1025 2838 1066 2874 ur.
1087 2826 1249 2878 natalisRo·

157 2893 183 2940 in
203 2893 381 2945 Macedoniam
408 2895 530 2945 adversus
555 2895 664 2944 Brutum

737 2910 801 2943 mae.
820 2898 846 2957 2,
864 2898 890 2956 8,
909 2897 934 2943 4.

158 2968 185 3011 et
205 2963 322 3014 Cassium
341 2966 449 3015 traiecit.
468 2969 494 3026 2,
512 2969 555 3024 70,
577 2968 598 3013 l.
624 2964 665 3012 in·
701 2965 829 3029 Olympici
848 2962 993 3012 certaminis
1012 2968 1038 3012 et
1049 2970 1186 3014 mercatus
1203 2965 1248 3015 iui-

156 3033 244 3082 firmus
260 3036 405 3084 valetudine
417 3033 589 3092 mania-ducta
601 3033 663 3094 obit,
735 3035 813 3085 tium,
831 3033 917 3098 Iphito
935 3037 1049 3083 auctore.
1073 3039 1097 3096 l,
1111 3039 1140 3096 8,
1155 3040 1177 3085 t.
1196 3035 1246 3101 pri-

157 3105 256 3153 somnio
271 3103 366 3152 Artorii
385 3102 477 3152 medici
494 3104 612 3164 monitus,
630 3117 663 3152 ne
734 3119 803 3154 marin
822 3104 854 3152 ab
871 3106 950 3153 Atreo
966 3104 1121 3154 institutum.
1142 3103 1208 3156 ibid.
1224 3109 1248 3156 2.

157 3175 182 3222 in
209 3173 300 3222 castris
332 3178 483 3223 remaneret.
512 3171 575 3225 ibid.
608 3172 663 3222 eins
699 3174 863 3238 Olympicum
890 3173 923 3222 ab
949 3171 1076 3224 Antiocho
1107 3173 1248 3242 lipiphaue

157 3247 241 3292 castra
260 3257 274 3288 a
293 3239 375 3290 Bruto
393 3249 478 3307 capta.
496 3238 559 3292 ibid.
578 3247 663 3292 servat
733 3242 889 3296 inchoatum.
908 3246 939 3306 l,
959 3247 1052 3305 10,1.

156 3310 295 3361 Messalam
316 3309 461 3360 Corvinum.
480 3314 506 3370 2,
525 3308 569 3372 fl,
591 3315 612 3361 l.
636 3311 663 3361 ia
698 3312 861 3378 Opimianum
875 3315 959 3364 vinum
975 3311 1122 3378 abOpimio
1145 3313 1249 3366 dictum.

155 3379 254 3430 Italiam
275 3392 409 3442 regressus
428 3380 453 3429 in
473 3381 610 3430 tumultum
630 3380 661 3430 L.
733 3386 767 3443 2,
785 3388 818 3443 7,
837 3387 862 3433 5.

155 3448 258 3498 Antonii
279 3454 305 3498 et
323 3449 430 3499 Fuluiae
458 3455 547 3499 contra
575 3465 604 3500 se
623 3449 662 3499 in·
698 3451 731 3502 L.
750 3451 884 3517 Opimius,
904 3458 1007 3518 praetor
1019 3453 1159 3516 Fregellas
1174 3458 1248 3507 exci-

155 3517 225 3567 cidit.
246 3522 271 3580 2,
290 3521 335 3582 74,
355 3524 369 3569 l
389 3536 444 3586 sqq.
465 3519 585 3586 profligat
608 3521 662 3571 hu-

154 3587 390 3641 carricaturis.
415 3593 551 3642 Perusiam
579 3607 663 3656 espu-

154 3664 232 3722 gnat.
249 3661 385 3711 Antonium
399 3662 520 3726 dimittit,
540 3662 663 3713 militibus

154 3730 179 3778 in
201 3730 337 3780 Perusinos
353 3733 532 3784 saevientibus.
556 3730 618 3782 ibid.
636 3735 661 3783 4.

130 3849 132 3853 ,
155 3801 250 3850 bellum
272 3801 296 3850 in
316 3801 456 3868 Oanrpania
475 3820 490 3853 a
509 3803 550 3854 Ti.
571 3803 662 3853 Claud.

154 3870 259 3921 Nerone
270 3873 383 3924 excitum
398 3875 508 3924 adventu
524 3888 572 3924 suo
590 3889 662 3924 com-

155 3944 234 4006 ponit.
254 3945 280 4005 2,
298 3947 342 4005 75,
365 3948 386 3992 l.
405 3945 523 3996 Fulviam
541 3949 568 3995 et
582 3944 663 3995 Plan-

734 3521 779 3573 dit.
798 3525 825 3584 2,
844 3526 870 3584 6,
888 3525 913 3573 4.
932 3524 1021 3575 consul
1043 3523 1073 3572 C.
1095 3526 1247 3577 Gracchum

734 3598 761 3644 et
796 3593 914 3643 Fulvium
951 3595 1073 3643 Flaccum
1113 3597 1248 3660 opprimit.

733 3661 798 3714 ibid.
816 3679 853 3727 sq.
872 3664 965 3729 capitis
991 3665 1053 3714 civis
1076 3663 1162 3726 Boni.
1190 3681 1249 3732 pre-

733 3734 797 3785 tinm
828 3737 956 3800 proponit.
988 3731 1051 3786 ibid.
1080 3739 1108 3786 5.
1151 3735 1249 3799 Fuhil,

733 3805 820 3855 Flacci
839 3806 928 3866 hlium,
947 3805 1060 3869 legatum
1074 3805 1187 3857 missum
1207 3807 1249 3857 in-

734 3875 837 3925 terimit.
855 3879 880 3938 2,
901 3880 927 3938 7,
946 3878 972 3924 2.
991 3876 1047 3924 aius
1074 3873 1175 3927 iactum
1199 3877 1248 3927 im-

733 3947 868 4010 probatum
889 3951 915 3996 et
933 3960 1020 4010 qnare.
1047 3941 1112 3995 ibid.
1132 3950 1160 3997 6.
1195 3947 1252 3997 cius

155 4027 212 4061 cum
231 4027 264 4062 ex
292 4013 366 4064 Italia
390 4015 529 4081 profugere
557 4016 660 4080 patitur.
732 4017 861 4080 ingenium
881 4023 908 4066 et
924 4030 1017 4067 mores.
1036 4011 1099 4066 ibid.
1117 4019 1146 4066 3·
1183 4017 1252 4068 indi-

154 4086 180 4141 2,
199 4087 242 4146 76,
260 4087 285 4136 2.
306 4084 401 4137 bellnm
422 4093 496 4151 parat
509 4091 597 4136 contra
608 4089 660 4135 An·
733 4087 774 4136 cio
792 4088 896 4152 publico
914 4085 1055 4137 damnatus.
1076 4081 1144 4138 ibid.
1166 4091 1193 4140 4.

155 4152 271 4216 tonium,
300 4155 368 4219 quod
404 4173 468 4222 pace
499 4156 660 4222 Brundusina
697 4158 761 4224 Opis
778 4157 863 4209 aedes.
881 4161 907 4221 2,
926 4160 970 4217 60,
989 4160 1015 4210 4.
