2536 4590
482 189 744 266 ...99-

70 383 258 450 romenium
277 391 401 464 accepta
422 379 540 459 clades,
563 402 665 465 neque
687 386 726 446 ab
747 383 817 466 ipso
837 386 1010 468 periculum
1025 389 1135 455 abfuit.

70 486 251 568 Legiones,
271 506 352 568 quae
373 505 443 546 cum
465 481 634 547 Cornificio
655 498 743 549 erant
767 488 867 568 legato
893 490 1054 572 Caesaris,
1077 517 1134 559 ex·

39 591 198 673 spositae
226 589 262 649 in
286 600 370 651 terra
392 605 493 667 paene
514 607 534 647 a
560 588 712 668 Pompeio
742 610 908 671 oppressae
940 608 1022 658 sunt.
1070 595 1133 659 Sed

71 691 219 773 ancipitis
239 691 369 751 fortuna
389 690 541 769 temporis
564 702 687 751 matura
710 691 825 755 virtute
855 710 1003 760 correcta.
1032 699 1132 779 expli·

73 793 152 855 catis
185 791 304 874 quippe
343 790 508 872 utriusque
541 792 637 871 partis
672 794 821 856 classibus
851 819 952 878 paene
985 802 1150 864 omnibus⁵

72 907 189 958 exutus
211 895 344 958 navibus
374 893 542 972 Pompeius
573 892 679 954 Asiam
707 896 813 976 sugam
839 901 949 979 petivit
981 903 1131 986 iussuque

71 1001 122 1063 M.
140 998 291 1074 Antonii,
320 995 407 1056 cuius
441 1017 533 1076 opem
565 999 712 1078 petierat,
745 999 819 1061 dum
849 1002 933 1063 inter
966 1002 1077 1069 ducem
1101 1017 1132 1067 et

73 1098 248 1181 supplicem
267 1098 477 1159 tumultuatur
507 1110 539 1158 et
568 1119 652 1159 nunc
676 1098 856 1179 dignitatem
884 1106 1014 1184 retinet,
1044 1128 1130 1168 nunc

38 1204 172 1274 avitam
192 1211 356 1282 precatur,
378 1221 396 1260 a
419 1199 503 1261 Titio
527 1200 684 1279 iugulatus
706 1216 770 1282 est3
792 1206 842 1265 cui
866 1204 900 1267 in
924 1219 1047 1269 tantum
1071 1209 1129 1272 du·

69 1305 155 1369 ravit
174 1305 235 1366 boc
256 1304 396 1365 facinore
427 1313 619 1364 contractum
647 1301 772 1380 odium,
806 1318 840 1367 ut
871 1328 948 1370 mox
975 1309 1067 1371 ludos
1094 1309 1165 1374 iuro

70 1409 196 1471 theatro
216 1408 348 1488 Pompei
368 1406 485 1468 faciens
506 1404 702 1469 execratione
719 1410 830 1490 populi
844 1414 1021 1492 spectaculo
1041 1411 1128 1496 quod

71 1511 244 1591 praebebat
263 1512 444 1591 pelleretur.

38 1632 55 1683 1
161 1611 297 1678 LXXX.
339 1613 502 1676 Accirerat
521 1630 631 1691 gerens
664 1624 772 1675 contra
795 1614 980 1696 Pompeium
1009 1618 1127 1681 bellum

72 1733 116 1774 ex
134 1712 242 1776 Africa
263 1713 378 1777 Caesar
399 1714 556 1796 Lepidum
576 1734 648 1775 oum
668 1736 725 1777 xn.
750 1718 927 1796 semiplenis
941 1720 1127 1798 legionibus.

70 1815 135 1877 Hic
154 1816 206 1879 rir
228 1818 369 1879 omnium
398 1817 585 1882 vanissimus
606 1836 710 1897 neque
741 1818 805 1877 ulla
826 1819 939 1880 virtute
968 1832 1033 1881 tam
1054 1823 1163 1881 lon-rs

71 1939 146 2000 gam
176 1920 322 1981 fortunae
354 1918 580 1999 indulgentiam
613 1921 743 1980 meritus
782 1921 955 1982 exercitum
988 1923 1129 2003 Pompei,

72 2022 151 2104 quia
170 2022 443 2103 propior'fuerat,
464 2035 647 2106 sequentem
675 2042 738 2084 non
762 2022 876 2101 ipsius,
900 2022 955 2085 sed
987 2022 1129 2086 Caesaris

37 2125 290 2187 zanetoritatem
317 2147 352 2186 ac
383 2125 476 2188 fidem
498 2126 558 2187 sibi
587 2127 735 2187 iunxerat
764 2121 963 2208 ¹inflatusque
995 2130 1129 2208 amplius
1231 2124 1234 2129 ’

69 2247 129 2290 xx.
150 2227 309 2306 legionum
333 2249 464 2291 numero
484 2227 567 2290 inid
595 2229 711 2289 suroris
726 2240 936 2306 processerat,
957 2242 990 2290 ut
1010 2229 1129 2292 inutilis

63 2332 107 2392 'in
128 2329 248 2390 alienae
270 2330 417 2392 victoriae
439 2352 561 2407 comes,
594 2327 745 2412 quamdiu
774 2342 913 2391 moratus
946 2344 1013 2393 crat
1037 2329 1163 2393 dissi-to

71 2429 178 2494 dendo
199 2432 234 2491 in
262 2433 398 2494 consiliis
426 2433 566 2496 Caesaris
596 2446 627 2495 et
655 2454 777 2513 semper
800 2432 921 2496 diversa
950 2435 1016 2510 bis,
1047 2458 1128 2518 quae

70 2535 143 2595 aliis
163 2535 346 2614 placebant,
367 2533 499 2597 diceudo
521 2548 618 2598 totam
638 2536 801 2597 victoriam
818 2547 853 2595 ut
868 2556 957 2595 suam
973 2536 1128 2616 interpre-

71 2637 219 2697 tabatur:
253 2635 451 2719 sudabatque
489 2637 674 2699 denuntiare
708 2636 850 2713 caesari,
884 2637 1048 2701 excederet
1079 2638 1128 2699 Si-

37 2735 157 2797 antia.
206 2735 281 2799 Non
316 2740 355 2799 nb
388 2738 587 2819 Scipionibus
620 2740 750 2820 aliisque
780 2741 939 2800 veteribus
968 2740 1129 2802 Romano-

70 2859 147 2903 rum
174 2836 288 2900 ducum
311 2840 479 2922 quicquam
501 2862 609 2903 ausum
640 2853 859 2919 patratumque
888 2840 1000 2900 fortius
1034 2859 1165 2922 quantas

70 2956 151 3005 tunc
186 2960 205 3001 a
239 2940 381 3005 Caesare.
442 2941 568 3023 Quippe
609 2963 680 3003 cum
716 2941 844 3000 inermis
888 2952 919 3002 et
955 2943 1131 3005 lacernatus

72 3054 172 3121 esset,
192 3057 317 3123 praeter
338 3066 454 3108 nornen
485 3047 564 3105 nihil
594 3044 737 3120 trahens,
761 3043 917 3121 ingressus
943 3059 1041 3106 castra
1068 3044 1132 3106 Le-

70 3143 160 3227 pidi,
183 3144 322 3225 evitatis,
342 3166 423 3231 quae
444 3147 531 3210 iussu
552 3145 687 3209 hominis
713 3144 890 3226 pravissimi
914 3148 976 3208 tela
1000 3146 1033 3208 in
1059 3169 1131 3210 eum

147 3268 176 3318 6.
193 3263 256 3330 iuga
292 3270 336 3319 19.
354 3268 454 3320 inutilis
472 3269 571 3320 alienae
606 3271 652 3321 20.
670 3266 806 3333 quamdiu
841 3269 885 3318 21.
904 3266 1011 3320 Caesari
1044 3268 1132 3321 attis

71 3339 120 3390 Ἠ.
136 3334 351 3403 interpretaretur
367 3338 527 3406 sederetque
562 3342 607 3392 at.
626 3338 716 3391 aliisve

108 3441 138 3491 4.
172 3442 295 3509 matura]
337 3444 437 3498 APbR.
480 3453 587 3498 mature
656 3446 702 3496 22.
720 3439 964 3512 interpretabatur]
979 3441 1130 3496 ARr'ntcr-

71 3506 183 3564 Ruhnk.
618 3525 776 3584 pretoretur
795 3514 847 3565 bR.

110 3584 140 3633 6.
151 3577 267 3652 fugam]
286 3584 319 3638 A.
330 3583 409 3655 fuga
426 3584 502 3639 PbR.
657 3589 702 3637 2³.
720 3581 901 3650 caedebatque]
919 3578 1019 3632 APbR.
1046 3579 1133 3631 autea

110 3653 157 3703 ll.
176 3653 259 3706 Abest
277 3655 349 3723 quod
364 3657 397 3707 ab
415 3658 447 3710 Δ.
624 3663 717 3723 ratque
733 3649 839 3703 Rubnlr·
908 3698 912 3703 .

109 3724 159 3773 20.
186 3722 215 3774 in
247 3723 353 3776 alienae
386 3724 525 3792 victoriae]
555 3725 587 3778 A.
658 3727 704 3775 24.
717 3720 842 3792 aliisque]
861 3720 959 3773 APbR.
984 3717 1080 3769 aliisve
1096 3720 1131 3772 0.

71 3790 184 3845 aliem
208 3792 339 3847 victoriae
363 3798 412 3850 Pb.
443 3796 472 3848 in
498 3794 589 3847 aliena
658 3797 703 3846 28.
723 3793 803 3846 Abest
820 3807 844 3844 v.
861 3790 917 3842 tela
935 3791 968 3842 ab
986 3791 1017 3842 Α.
1054 3791 1132 3845 Quod

69 3862 193 3927 victoria
210 3862 303 3919 Burer.
320 3867 354 3919 R.
625 3865 647 3916 ai
664 3881 720 3918 voc.
740 3864 913 3916 necessarium
936 3860 1070 3913 exciderat
1081 3862 1133 3914 ianr

109 3936 159 3985 20.
171 3936 311 4003 quamdiu]
320 3940 351 3990 A.
382 3954 445 3988 uam
459 3935 505 3987 diu
514 3936 589 3989 Pbtt.
626 3935 720 3988 ecod.
734 3934 852 3989 Murbac.
869 3933 984 3986 Velleius
1002 3933 1134 4000 patinaria

109 4007 160 4058 21.
179 3956 514 4074 Caesaris]APb.Caesari
528 4007 593 4061 Aet·
626 4008 771 4075 scripserit:
807 4004 919 4057 evitatis
954 4001 1032 4082 telis,
1064 4021 1134 4076 quoe

71 4076 170 4129 datius.
186 4076 222 4129 R.
626 4077 702 4130 iussu
725 4076 837 4128 bominis
853 4073 1008 4143 pravisszmi
1026 4073 1056 4126 in
1073 4092 1134 4126 enm

109 4148 159 4197 21.
177 4144 232 4214 tis]
250 4147 349 4201 At’btt.
367 4147 453 4201 tiso.
627 4159 691 4199 octa
717 4154 813 4206 staats
838 4147 875 4197 tta
899 4150 929 4197 ut
952 4160 976 4197 v.
999 4144 1061 4196 telis
1086 4145 1134 4199 ab·

70 4280 75 4289 ,
109 4218 159 4268 22.
177 4218 275 4285 totam]
294 4219 394 4273 tutta
418 4227 508 4270 tutam
525 4220 555 4273 Ρ.
627 4227 743 4288 sorptum
756 4217 834 4268 luerit
846 4231 862 4269 a
873 4215 1024 4282 stilletis.

769 4302 815 4367 Ἰ.
