2536 4590
517 110 802 189 ...160-

132 305 245 392 quibm
264 304 321 370 illa
342 305 475 388 placent.
527 304 566 367 In
596 299 691 366 armis
724 315 808 368 sunt
839 324 897 371 vos
929 307 965 370 in
989 320 1076 373 metu
1104 306 1211 394 qu'fi

129 410 298 492 expectatis
318 409 388 472 Nisi
408 409 491 470 forte
511 405 609 489 pudet
637 418 690 468 aut
712 406 797 488 piget
822 420 905 471 recte
929 411 1033 473 facere
1060 432 1100 475 nn
1117 411 1211 474 Le

127 513 196 596 pidi
215 511 360 576 mandata
381 512 502 575 animos
526 529 657 574 movere
672 510 738 592 'qni
759 510 882 590 placere
913 511 958 573 ait
985 532 1043 575 sua
1070 513 1211 597 cuiqu

127 613 217 678 reddi
237 627 269 676 et
292 616 395 678 aliena
419 624 506 674 tenet
527 611 601 674 belli
631 609 702 672 iura
734 610 870 674 rescindi
896 615 1057 696 cumipse
1086 608 1211 679 arnt-i

128 728 216 797 cogat
236 716 391 779 civitatem
413 734 473 778 con
494 713 612 776 firmari
632 714 747 796 quibus
775 712 951 796 ademptam
972 729 1075 797 negat.
1104 733 1211 782 con

127 816 250 880 cordiae
291 819 388 896 gratia
428 817 629 878 tribuniciam
662 827 846 895 potestatem
882 817 1006 879 restitui
1042 839 1083 882 ex
1117 835 1207 904 qt,

101 927 238 982 somnes
263 916 435 983 discordiae
460 937 616 979 accensae.
639 917 772 997 pessime
793 916 936 980 omnium
960 931 1053 1003 atque
1077 921 1210 1004 impu

127 1019 307 1083 (lentissime
328 1021 387 1083 tibi
416 1033 574 1100 neegestas
596 1019 711 1082 civium
732 1030 763 1081 et
785 1021 888 1081 luctus
916 1040 1008 1083 curae
1034 1034 1108 1085 sunt
1128 1034 1211 1085 cu

124 1123 205 1186 nihil
222 1137 268 1187 est
288 1123 373 1187 domi
392 1123 452 1184 nisi
473 1125 567 1185 armis
585 1133 711 1202 partum
731 1131 786 1182 aut
807 1142 865 1201 per
883 1121 1033 1186 iniuriam
1048 1125 1211 1187 alterna¹

125 1230 320 1290 consulatum
341 1227 421 1308 petis
442 1226 531 1308 quasi
562 1224 700 1306 primum
728 1220 902 1285 reddideris
930 1225 1015 1287 bello
1049 1243 1207 1290 concor·

125 1326 207 1389 diam
228 1330 353 1411 quaeris
374 1347 438 1410 quo
460 1339 549 1406 parta
569 1324 764 1388 disturbatur
798 1325 909 1389 Nostri
939 1326 1086 1409 proditor
1111 1325 1197 1393 istie

121 1425 247 1489 infidus.
268 1430 373 1491 hostis
388 1428 527 1489 omnium
548 1429 715 1488 bonorum.
739 1438 820 1490 utta
836 1448 911 1511 neq.
927 1426 1095 1495 hominum
1105 1448 1185 1513 neq·

123 1526 254 1592 deorum
277 1530 384 1612 pudet.
408 1547 488 1610 quos
516 1525 688 1607 perfidem
710 1541 821 1610 autper
840 1529 925 1592 iurio
947 1532 1086 1596 violasti.
1106 1533 1174 1617 qui·

122 1631 250 1715 quando
271 1635 341 1695 talis
371 1652 403 1693 es
434 1651 560 1693 maneas
582 1631 616 1690 in
637 1633 801 1695 sententia.
822 1644 852 1694 et
871 1633 1008 1697 retineas
1038 1646 1174 1699 armate

120 1737 234 1798 hortor
252 1736 324 1799 Neu
347 1732 539 1816 prolatandis
560 1730 765 1797 seditionibus
789 1735 914 1818 inquies
945 1736 1013 1817 ipse
1045 1736 1115 1802 Nos
1129 1736 1193 1797 intt

119 1836 328 1901 sollicitudine
356 1834 495 1897 adtineas
515 1834 598 1916 Neq.
619 1848 650 1896 te
679 1836 860 1918 provinciae
886 1836 1084 1920 Nequeleges
1113 1838 1171 1903 Ns·

120 1938 227 2023 quedii
247 1950 375 2019 penates
396 1939 494 2002 civem
514 1938 679 2017 patiuntur
696 1960 790 2021 perge
805 1960 869 2022 qua
886 1952 1011 2022 coeptas
1030 1953 1174 2025 utquam·

79 2039 302 2105 lomaturrime
325 2040 437 2101 merita
457 2039 610 2102 invenias.
627 2062 684 2104 vos
705 2054 810 2103 autem
824 2042 860 2104 P.
873 2041 909 2106 C.
930 2063 1175 2127 quousquecun·

118 2144 231 2207 ctando
252 2162 320 2206 rem
340 2166 373 2225 p.
393 2144 525 2205 intutam
545 2141 707 2225 patiemini
727 2156 758 2205 et
787 2145 893 2207 verbis
924 2165 1012 2207 arma
1042 2158 1177 2230 tempta·

117 2245 191 2307 bitis
213 2242 342 2304 dilectus
366 2243 531 2325 adversum
551 2265 608 2309 vos
629 2247 730 2307 habiti
748 2245 899 2326 pecuniae
921 2245 1048 2329 publice
1064 2259 1097 2309 e't
1112 2248 1207 2330 pri-so

117 2347 214 2407 vatim
236 2355 376 2406 extortae
397 2344 553 2424 praesidia
576 2344 707 2407 deducta
729 2359 792 2428 atq.
813 2347 970 2429 imposita.
1002 2347 1178 2412 exlibidine

117 2449 200 2528 leges
221 2447 417 2527 imperantur
438 2466 508 2507 cum
528 2447 656 2508 interim
674 2468 731 2510 vos
753 2451 869 2526 legatos
892 2461 923 2510 et
943 2449 1067 2511 decreta
1083 2471 1179 2532 para·

117 2553 157 2613 tis
182 2561 301 2634 quanto
322 2568 372 2610 me
393 2547 518 2611 hercule
547 2549 669 2613 avidius
690 2570 799 2631 pacem
823 2552 975 2631 petieritis
996 2562 1086 2613 tanto
1109 2554 1180 2615 bel·

118 2655 184 2714 lum
203 2649 304 2716 acrius
326 2649 384 2710 erit
408 2669 480 2709 cum
502 2652 657 2732 intelleget
679 2673 711 2714 se
733 2664 819 2713 metu
839 2653 937 2733 magis
959 2673 1056 2735 quam
1070 2673 1178 2737 aequo

119 2769 153 2817 et
169 2757 255 2817 bono
278 2763 482 2813 sustentatum
513 2750 594 2811 Nam
624 2756 680 2837 qui
701 2755 810 2815 turbas
844 2766 875 2814 et
905 2752 1031 2816 caedem
1060 2755 1211 2819 nnuma

120 2854 220 2917 odisse
244 2853 287 2913 ait
308 2864 339 2912 et
361 2849 435 2914 obid
458 2865 575 2914 armato
598 2850 718 2932 Lepido
737 2874 794 2918 vos
813 2854 951 2917 inermos
962 2856 1080 2917 retinet
1092 2878 1178 2940 quae

118 2955 207 3019 victis
235 2950 401 3015 toleranda
431 2964 513 3014 sunt.
542 2973 579 3013 ea
611 2973 681 3017 cum
714 2957 817 3017 facere
851 2957 978 3035 possitis
1011 2958 1179 3039 patiamini

116 3058 220 3138 potius
246 3065 351 3118 censet
379 3053 423 3116 ita
446 3056 493 3116 illi
522 3076 541 3115 a
559 3055 649 3118 uobis
675 3075 783 3136 pacem
807 3058 898 3121 vobis
925 3057 1021 3119 abillo
1052 3060 1177 3123 bellum

187 3210 213 3258 5.
239 3205 385 3257 confirmari
427 3209 453 3259 6.
479 3207 561 3271 gratia
589 3205 676 3272 plebei
701 3206 862 3263 tribuniciam
905 3214 932 3263 8.
958 3208 1039 3261 tibine
1066 3219 1176 3279 egestas

118 3280 160 3330 1³.
179 3280 224 3328 aut
242 3275 353 3342 periurio
390 3277 433 3326 13.
452 3276 521 3340 Qui,
540 3274 643 3341 quando
682 3279 723 3328 16.
753 3291 837 3342 neque
864 3279 937 3345 leges
961 3294 1047 3344 aeque
1064 3281 1093 3335 ‹tt
1130 3288 1175 3336 tr.

116 3355 152 3473 qq
164 3339 415 3470 qpamfflmapprpppc
452 3349 494 3399 ts.
520 3360 655 3412 quousque
673 3347 818 3399 cunctando
854 3353 898 3404 21.
926 3348 1093 3404 exubitus
1129 3356 1177 3407 26.

152 3559 276 3666 coqqrus.
312 3545 338 3594 8.
366 3550 470 3595 movent
507 3544 549 3595 tt.
568 3538 677 3610 coepisti
711 3545 756 3596 20.
775 3541 894 3598 delectus
934 3547 980 3598 28.
1005 3545 1046 3597 lta
1069 3555 1179 3616 quomo

224 3628 359 3666 .mermes

150 3745 176 3793 o.
193 3737 288 3808 gratia
307 3733 489 3802 tribuniciam]
508 3737 551 3789 Ex
562 3738 624 3789 Pri·
661 3733 693 3785 de
712 3735 796 3787 vine.
815 3746 868 3790 sec.¹
889 3743 916 3789 et
934 3740 1015 3792 tertio
1032 3754 1086 3792 non
1109 3741 1179 3795 satis

115 3828 203 3879 seiano
222 3823 293 3890 (Lib.
312 3827 344 3887 6,
363 3823 406 3872 11.
425 3837 450 3887 p.
469 3823 542 3889 256.)
558 3837 626 3892 gra.
660 3810 769 3856 constat.

113 3909 155 3958 tin
170 3909 256 3978 plebei
273 3906 446 3960 tribunicium
471 3916 544 3961 recte
561 3924 626 3977 sup·
659 3875 935 4011 forffigmmgffl'gss]
956 3878 1081 4015 1)ξέῐῖἱὶ
1107 3879 1180 4004 ἓξὲξ

115 3995 213 4061 pletum
244 4001 322 4049 esta
354 3994 485 4047 carrione.
521 3996 625 4047 Omittit
659 4014 1090 4083 1500033p0m90ffi⁰u5qu02d
1107 4022 1180 4075 (ξπ,

111 4078 199 4150 plebei
217 4081 299 4134 Vatia.
320 4085 345 4134 1.
363 4080 448 4135 Vatia
466 4080 623 4148 Bongarsii3
659 4082 757 4136 tionem
775 4086 922 4151 occupabat
936 4089 1131 4146 maturissime.
