2536 4590
542 187 801 264 ...70-

138 390 221 450 inter
243 386 300 447 Cn.
330 380 516 466 Pompeium
550 391 581 444 et
615 380 650 444 C.
679 379 844 445 Caesarem
871 376 1055 446 concordiae
1078 379 1198 467 pignus

138 489 219 552 Iulia
258 508 341 551 uxor
378 487 486 568 Magni
522 484 661 548 decessit.
698 498 792 568 atque
833 486 937 548 omnia
975 487 1059 548 inter
1099 486 1200 551 desti-

138 603 228 654 natos
249 602 336 651 tanto
359 588 530 651 discrimini
553 585 646 650 duces
671 586 835 649 dirimente
861 590 989 651 fortuna
1009 590 1092 652 filius
1114 613 1200 674 quo-

141 714 202 776 que
226 712 342 773 parvus
363 692 493 773 Pompei
512 691 593 750 Iulia
614 701 706 752 natus
727 691 810 752 intra
830 693 925 756 breve
946 693 1081 773 spatium
1107 696 1200 758 obiit.

107 795 223 856 3Tum
247 796 282 854 in
303 792 421 872 gladios
444 789 614 873 caedesque
644 791 759 853 civium
780 794 905 854 furente
939 796 1074 873 ambitu,
1106 797 1218 859 cuius⁵

140 919 243 978 neque
274 895 344 956 finis
380 895 597 975 reperiebatur
626 914 684 953 nec
715 891 846 973 modus,
877 897 986 957 tertius
1017 899 1201 962 consulatus

140 999 199 1060 soli
225 997 283 1058 Cn.
304 997 455 1077 Pompeio
479 996 572 1055 etiam
594 992 826 1056 adversantium
850 1009 941 1058 antea
967 995 1110 1075 dignitati
1133 1000 1202 1062 eius

138 1098 254 1162 iudicio
279 1096 399 1160 delatus
421 1111 483 1176 est,
505 1099 592 1159 cuius
615 1099 668 1158 ille
689 1098 820 1159 honoris
842 1100 940 1178 gloria
967 1101 1054 1162 velut
1085 1120 1203 1162 recon-

140 1202 249 1266 ciliatis
278 1201 338 1263 sibi
363 1193 561 1283 optimatibus
592 1199 728 1262 maxime
758 1221 776 1259 a
808 1198 842 1263 C.
875 1199 1029 1282 Caesare⁸
1044 1201 1201 1263 alienatus

141 1316 198 1367 est.
241 1301 301 1366 Sed
327 1302 393 1366 eius
416 1304 593 1365 consulatus
617 1322 742 1364 omnem
765 1301 829 1363 vim
844 1304 878 1363 in
893 1303 1113 1366 coercitionem
1133 1321 1236 1364 am-to

108 1401 222 1469 tbitsis
245 1407 375 1468 exeruit.
408 1425 472 1487 quo
496 1416 637 1485 tempore
652 1403 784 1466 Publius
804 1403 932 1467 Clodius
951 1428 970 1467 a
985 1407 1107 1468 Milone
1127 1429 1204 1468 can·

141 1507 246 1570 didato
281 1508 459 1570 consulatus
495 1508 639 1588 exemplo
670 1508 823 1568 inutiliter
855 1509 937 1571 facto
968 1510 1097 1570 salutari
1120 1512 1205 1593 reip.

142 1613 223 1686 circa
254 1611 393 1675 Bovillas
422 1624 580 1673 contracta
612 1632 652 1673 ex
688 1630 819 1694 occursu
854 1611 926 1672 rixa
954 1602 1112 1689 iugulatus
1147 1626 1205 1675 est.

141 1713 294 1773 Milonem
333 1733 424 1773 reum
457 1735 522 1776 non
553 1712 649 1793 magis
681 1712 800 1776 invidia
832 1712 906 1773 facti
944 1733 1038 1795 quam
1067 1715 1204 1797 Pompei

110 1814 298 1882 idamnavit
318 1817 474 1879 voluntas.
505 1837 599 1900 quem
622 1814 749 1898 quidem
769 1814 816 1875 M.
842 1813 919 1876 Cato
943 1815 1046 1896 palam
1065 1818 1129 1876 lata
1143 1820 1237 1879 ab-ts

141 1920 235 1980 solvit
248 1920 413 1996 sententia3
437 1920 492 2000 qui
508 1919 534 1979 si
548 1919 701 1979 maturius
720 1918 849 1994 tulisset,
867 1937 932 1978 non
950 1914 1130 1994 defuissent,
1147 1921 1205 2001 qui

141 2033 347 2102 sequerentur
369 2023 549 2099 exemplum
573 2022 811 2100 probarentque
840 2039 911 2079 eum
936 2019 1034 2080 civem
1056 2018 1205 2098 occisum,

141 2142 205 2205 quo
217 2144 309 2185 nemo
324 2122 530 2202 perniciosior
541 2122 664 2201 reipub.
677 2141 779 2201 neque
796 2120 890 2182 bonis
901 2120 1058 2182 inimicior
1068 2121 1204 2183 vixerat.

114 2232 125 2280 t
230 2225 377 2286 XLVlII.
419 2226 506 2285 lntra
526 2227 622 2287 breve
645 2221 757 2283 deinde
780 2222 914 2302 spatium
936 2223 1010 2284 belli
1031 2223 1129 2285 civilis
1145 2245 1203 2286 ex-

147 2339 289 2387 arserunt
311 2326 419 2400 initia,
444 2345 515 2386 cunt
539 2326 725 2387 iustissimus
754 2325 886 2407 quisque
911 2336 941 2386 et
969 2347 987 2385 a
1014 2323 1147 2387 Caesare
1172 2338 1239 2388 etto

147 2428 334 2507 aPompeio
356 2428 450 2489 vellet
479 2426 592 2488 dimitti
621 2428 795 2506 exercitus;
824 2427 941 2508 quippe
970 2426 1138 2507 Pompeius
1168 2428 1205 2489 in

148 2529 284 2590 secundo
310 2530 470 2591 consulatu
493 2529 660 2609 Hispanias
690 2529 750 2589 sibi
780 2526 905 2590 decerni
923 2529 1068 2590 voluerat
1088 2547 1206 2610 easque

147 2651 206 2710 per
225 2631 397 2692 triennium
419 2633 530 2693 absens
551 2632 618 2711 ipse
640 2653 674 2692 ac
698 2630 877 2712 praesidens
906 2630 979 2693 urbi
1000 2650 1058 2710 per
1078 2629 1206 2693 Africa·

52 2744 54 2748 ’
148 2734 235 2794 nium
253 2746 283 2794 et
298 2734 471 2809 Petreium,
494 2736 689 2795 consularem
702 2755 737 2795 ac
751 2734 962 2814 praetorium,
983 2734 1099 2811 legatos
1117 2752 1204 2810 suos,

149 2819 384 2880 administrabat
404 2832 435 2881 et
456 2820 510 2898 iis,
532 2821 587 2902 qui
613 2842 632 2881 a
654 2819 785 2880 Caesare
818 2816 1017 2880 dimittendos
1048 2818 1241 2880 exercitusas

116 2924 134 2974 2
150 2902 387 2983 contendebant,
399 2948 437 2968 ...
456 2907 492 2984 is,
515 2907 570 2988 qui
585 2908 623 2967 ab
638 2905 707 2987 ipso
730 2926 867 2988 quoque,
887 2901 1121 2964 adversabatur.
1146 2902 1207 2985 qui

73 2605 88 2643 t

221 3024 265 3073 la.
288 3024 408 3088 exemplo
432 3024 532 3090 inutili,
557 3025 627 3078 sscto
675 3028 720 3092 ²3·
749 3023 885 3078 Afranium
930 3025 974 3074 26.
1004 3021 1205 3092 contendebant,

150 3091 340 3157 consentiebat,
358 3094 390 3144 iis

186 3200 213 3245 8.
231 3193 317 3260 velrst]
337 3200 368 3248 A.
383 3195 469 3247 veluti
486 3197 563 3250 PbR.
694 3199 761 3252 Cum
778 3213 802 3249 v.
822 3193 1020 3247 adsentabatnr
1033 3195 1100 3248 absit
1112 3195 1146 3247 ab
1162 3198 1205 3264 A,

186 3269 230 3316 10.
250 3264 443 3331 coercitionem]
456 3265 659 3320 1111110111)-
693 3276 757 3337 puto
775 3269 922 3334 suppletum
947 3282 1005 3320 esse
1028 3282 1044 3318 a
1067 3264 1205 3334 Rhenano,

151 3353 209 3388 nem
226 3335 282 3387 ΑΡ.
693 3346 723 3392 ut
741 3354 802 3390 mox
820 3339 956 3391 inculcavit
979 3338 1206 3405 'supervacaneum

188 3409 231 3458 11.
249 3404 365 3472 exeruit]
377 3406 423 3470 A.,
440 3412 470 3459 nt
487 3407 591 3459 volebat
611 3408 659 3460 Li·
694 3407 916 3463 admittendos.
960 3409 1056 3460 Verum
1074 3422 1133 3459 cum
1150 3408 1206 3461 tan

152 3477 232 3545 psius.
252 3478 373 3527 exercuit
391 3477 466 3531 PbR.
694 3482 858 3534 Vascosanus
876 3485 903 3530 et
925 3479 1030 3546 Lipsius
1054 3492 1206 3545 proponen-

188 3551 231 3600 12.
248 3546 393 3614 inutiliter]
414 3549 468 3600 AB.
496 3545 590 3598 inutili
608 3549 659 3600 bR.
695 3557 735 3602 tes
756 3547 952 3600 assentiebatur
969 3549 1096 3600 senserint
1120 3548 1206 3601 minut

187 3624 231 3675 16.
257 3619 345 3688 quisi]
356 3620 410 3673 ΑΒ.
422 3619 536 3691 quamsi
551 3619 601 3672 bR.
617 3618 661 3669 eui
695 3619 758 3674 illud
786 3635 844 3672 esse
870 3627 974 3687 aptum,
999 3618 1149 3686 praesertim
1177 3620 1206 3672 111

152 3689 178 3742 si
188 3689 320 3742 Heinsius.
367 3694 370 3700 '
691 3684 815 3759 ⁸Pompeil
845 3706 970 3757 persona.
996 3688 1062 3740 ltnud
1088 3687 1207 3743 dubitavi

186 3765 230 3812 20.
248 3759 339 3825 initia]
353 3759 451 3812 APbR.
468 3759 589 3811 incendia
606 3760 662 3812 He·
696 3764 723 3815 in
738 3762 853 3826 margine
868 3776 998 3827 apponere
1015 3757 1207 3825 consentiebat,

152 3832 239 3882 relius.
285 3830 338 3882 Sed
366 3830 480 3882 Velleius
512 3847 561 3882 non
588 3832 662 3882 nimis
698 3832 766 3900 quad
785 3831 859 3882 facile
878 3836 936 3899 post
955 3831 1050 3883 similes
1068 3830 1162 3881 duetus
1178 3847 1206 3885 v.

152 3905 287 3952 accuratus
295 3907 335 3956 est
344 3901 368 3951 in
379 3902 562 3968 componendis
574 3903 662 3969 tropis.
699 3900 890 3954 contendebant
916 3902 1036 3953 excidere
1054 3905 1158 3968 poterat
1177 3907 1206 3953 et

187 3974 232 4022 23.
251 3968 436 4038 Africaninm]
455 3971 487 4021 B.
512 3970 664 4039 Afranium
699 3991 750 4041 quo
769 3974 898 4025 devitetur
922 3974 1049 4024 cantilena
1074 3973 1119 4024 ills
1136 3969 1206 4021 aba·

154 4037 207 4092 bR.
224 4040 391 4108 Africanum
406 4043 437 4094 l.
449 4039 618 4110 Asrcnnium
632 4043 662 4093 P.
699 4055 746 4094 tur
761 4071 796 4083 ω-
811 4041 919 4092 abatur.

189 4113 233 4161 26.
246 4110 445 4174 contendebant,
459 4109 493 4178 is]
509 4111 539 4164 n.
555 4119 663 4161 contsn-
733 4117 777 4166 26.
795 4109 829 4162 ab
838 4113 896 4182 ipso
911 4113 1024 4182 qnoque]
1041 4111 1096 4163 AB.
1113 4109 1208 4161 dinei!-

155 4177 270 4246 dsbunt,
301 4179 498 4234 adsentiebatur
526 4180 561 4234 iis
587 4180 662 4235 Pon.
697 4183 791 4234 tendes
810 4180 844 4233 ab
866 4183 975 4252 ipsoque
983 4183 1014 4236 Ρ.
1033 4180 1206 4237 dimittendos
