2536 4590
496 66 849 236 ..ios-'⁵
950 58 1010 249 ,ᾖ

75 362 268 423 strumenta
291 363 324 417 et
343 349 500 435 stipendio
519 352 638 413 habete
666 365 771 429 posse.
803 341 952 428 equidem
981 342 1092 406 fateor
1120 362 1172 413 me

108 460 149 525 sd
167 462 229 522 hoe
251 458 369 520 bellum
397 456 516 516 maiore
545 449 651 515 studio
681 469 778 532 quam
809 447 943 509 oonsilio
975 446 1175 526 protectum.

66 544 69 549 ⁵
108 562 227 644 quippe
251 558 307 641 qui
330 556 457 618 nomine
476 552 574 617 modo
595 551 721 631 imperii
748 549 857 612 arobia
889 558 1023 626 accepto
1056 543 1174 607 diebus

108 682 162 723 xi..
191 659 364 723 exercitum
392 656 503 737 paravi
532 653 664 732 hostisq.
694 651 731 711 in
758 650 930 712 caricibus
962 647 1032 707 ism
1060 644 1173 709 Italiae

108 762 227 841 agentis
250 761 290 820 ab
314 757 447 837 Alpibus
475 757 510 818 in
544 752 729 833 Hispaniam
758 747 915 812 summovi
937 766 998 828 per
1025 767 1082 809 eas
1113 749 1191 810 iters

109 863 187 924 aliut
208 875 302 942 atque
322 859 461 920 Annibal
480 857 572 919 nobis
596 852 806 933 opportunius
821 848 956 931 patefeci
970 849 1084 929 recepi
1098 848 1175 910 Gal·

109 965 183 1026 liam
206 965 404 1042 Pyrenaeum
423 956 625 1018 Lacetaniam
645 951 794 1031 Indigetis
811 962 844 1011 et
864 951 1005 1030 primum
1025 949 1176 1029 inpetum

112 1061 244 1124 Sertorii
264 1059 392 1121 victoris
412 1058 513 1120 Novis
531 1056 682 1118 militibus
700 1065 731 1114 et
742 1054 843 1113 multo
858 1051 1064 1132 paucioribus
1081 1053 1176 1111 subs·

111 1161 193 1222 tinui
216 1161 384 1240 hiememq.
418 1160 527 1220 eastris
548 1158 632 1218 inter
652 1153 848 1217 saevissimos
875 1152 975 1214 hostis
992 1150 1086 1213 'Non
1117 1166 1177 1233 per

111 1257 239 1342 oppida.
280 1260 394 1341 Neque
414 1280 455 1321 ex
477 1261 738 1333 ambitionemea
758 1256 816 1333 egi.
841 1252 919 1335 qnid
938 1252 1055 1314 deinde
1077 1273 1208 1335 pros-to

110 1361 154 1422 lis
175 1372 230 1421 aut
250 1359 464 1439 expeditiones
497 1360 645 1420 hibernae
678 1354 795 1437 oppida
823 1355 928 1415 excisa
962 1367 1017 1417 aut
1044 1368 1177 1437 recepta

113 1480 304 1521 enumerem.
333 1457 461 1540 quando
492 1479 543 1519 res
578 1442 650 1537 plus
679 1460 765 1518 valet
798 1476 893 1536 quam
923 1458 1033 1518 verba.
1069 1468 1176 1535 castra

112 1559 251 1619 hostium
273 1556 357 1636 apud
380 1554 563 1618 Sucronem
576 1568 666 1636 capta
693 1567 723 1616 et
748 1558 905 1636 proelium
936 1555 1022 1636 apud
1051 1558 1176 1619 flumen

111 1658 250 1719 Durium
273 1670 304 1718 et
328 1656 395 1718 dux
415 1659 563 1720 huetium.
606 1656 643 1719 C.
663 1657 842 1718 Herennius
864 1677 935 1718 cum
953 1658 1034 1719 urbe
1053 1658 1177 1721 Valen-

112 1759 156 1821 tia
178 1771 208 1821 et
231 1759 371 1821 exercitu
389 1759 484 1821 deleti
504 1760 576 1822 satis
609 1761 691 1820 clara
723 1758 814 1820 robis
846 1768 930 1818 sunt.
960 1777 1020 1837 pro
1052 1759 1130 1840 quis
1153 1779 1209 1828 oa

81 1859 193 1939 agrati
217 1872 322 1940 patres
353 1870 518 1938 egestatem
548 1870 579 1921 et
611 1860 725 1920 famem
756 1855 896 1918 redditis.
926 1857 1003 1940 itaq.
1035 1879 1110 1922 meo
1145 1872 1179 1921 et

114 1960 253 2022 bostium
282 1959 433 2020 exercitui
457 1980 516 2040 par
540 1958 681 2022 condicio
704 1971 758 2020 est.
808 1958 953 2041 Namque
978 1957 1178 2041 stipendium

114 2060 228 2122 Neutri
248 2058 340 2120 datur
359 2061 461 2122 victor
480 2074 613 2143 uterque
634 2063 669 2122 in
688 2061 808 2121 Italiam
829 2060 936 2123 venire
950 2072 1063 2141 potest.
1085 2060 1177 2144 quod

115 2179 172 2239 ego
191 2178 249 2223 vos
274 2180 388 2222 moneo
411 2181 561 2243 quaesoq.
582 2173 618 2223 ut
642 2158 902 2224 animadvertatis.
952 2160 1025 2222 Neu
1057 2162 1178 2242 cogatis

114 2260 347 2321 nscessitatibus
369 2263 517 2341 privatim
537 2264 800 2325 mihiconsulere.
841 2262 1026 2341 Hispaniam
1048 2264 1212 2327 citaris-20

115 2380 183 2421 rem
207 2379 287 2440 quae
310 2360 384 2420 Non
409 2366 448 2423 ab
470 2364 612 2426 hostibus
635 2377 760 2425 tenetur
780 2362 847 2434 Nos
872 2374 926 2423 aut
949 2362 1109 2426 Sertorius
1136 2365 1178 2428 ad

115 2460 361 2521 internecionem
383 2463 571 2536 vastavimus
592 2479 717 2546 praeter
734 2466 915 2526 maritumas
931 2465 1069 2525 civitates
1087 2467 1176 2530 ultro

116 2562 217 2626 Nobis
238 2561 377 2643 sumptui
401 2564 567 2647 onorique.
612 2566 714 2627 Gallia
734 2567 897 2645 superiore
933 2584 1016 2626 anno
1050 2565 1179 2630 Metelli

117 2665 289 2727 exercitum
309 2663 464 2748 stipendio
487 2669 708 2751 frumentoque
730 2668 807 2730 aluit
829 2680 860 2729 et
880 2687 965 2729 nune
987 2667 1076 2729 malis
1103 2670 1177 2732 fru-

167 2818 171 2829 ’
191 2825 218 2875 s.
236 2838 252 2874 a
268 2822 342 2876 vobis
378 2827 422 2877 14.
439 2823 546 2905 Tutiam
581 2832 625 2881 2³.
645 2826 769 2893 onerique

153 2979 276 3018 uottrttts.
319 2969 346 3019 7.
372 2967 545 3019 Boletariam
588 2972 615 3022 9.
640 2969 668 3020 in
694 2967 792 3020 castris
835 2972 878 3020 10.
902 2966 962 3020 dein
1003 2969 1058 3033 (tt.
1083 2969 1177 3025 Habet

186 3034 325 3101 Darium.)
363 3037 528 3106 lasanum
547 3054 596 3090 err.
624 3046 743 3108 typogr„
770 3038 813 3105 qui
841 3043 914 3089 orius
939 3040 1098 3097 scarrione
1125 3059 1176 3110 per

187 3106 333 3170 complures
362 3107 488 3159 editiones
519 3118 676 3175 propagatus
705 3117 759 3173 est,
787 3109 865 3160 etiam
894 3109 1120 3176 Hostiogerianam
1146 3118 1176 3166 et

188 3175 385 3228 Gertactitauan
402 3179 535 3232 maiorem.
571 3183 615 3232 22.
635 3180 776 3244 civitates,
797 3196 865 3250 qaae
885 3179 958 3231 ultro

151 3317 176 3365 7.
195 3313 383 3380 Lacetaniam]
403 3316 470 3369 Cum
482 3315 547 3371 haee
562 3321 627 3370 sari-
662 3322 714 3372 fide
738 3323 859 3375 volebant
870 3322 1040 3389 Boogarsius,
1051 3322 1175 3391 Ursinus,

115 3387 192 3449 ptum
210 3385 326 3434 firmetur
344 3400 359 3436 a
379 3385 462 3438 Vatia.
475 3402 513 3453 pr.
533 3390 626 3454 partim
662 3391 826 3443 ciacconius.

116 3454 192 3504 etiam
214 3454 331 3506 thtlic.
346 3470 400 3507 sec.
415 3456 626 3521 (Lacettaniam)
697 3497 742 3543 22.
761 3492 887 3545 civitam
910 3495 995 3562 amo]
1022 3496 1069 3548 Sic
1086 3497 1175 3553 vatic·

116 3525 208 3613 nimir}
226 3525 280 3610 six
308 3524 386 3576 debet
404 3541 445 3610 ,εχ
479 3526 566 3578 Lim
590 3527 626 3611 (d)
661 3579 700 3630 pr.
724 3564 809 3617 Vatia.
836 3566 972 3618 Bonoarsii
1027 3567 1100 3618 Libri
1126 3570 1176 3620 Ci-

115 3596 246 3646 (arrtoms
265 3610 323 3647 oum
338 3596 470 3649 Corttoet
486 3597 624 3650 Gerlaoluo
660 3636 770 3685 nemun·
795 3605 954 3702 Pomposslius
970 3605 1175 3701 beteriquessdi-

114 3664 140 3714 iu
160 3664 342 3718 Laletaniam.
1002 3707 1009 3720 .
1029 3708 1036 3722 .

151 3739 176 3786 9.
195 3734 329 3801 ltismemq.
349 3734 457 3801 castris]
477 3736 522 3787 Sic
540 3737 624 3788 Vatis.
661 3709 741 3802 tim..
758 3710 818 3783 inte
839 3705 947 3770 ‘ndum’
966 3723 1010 3824 (³5¹
1029 3709 1176 3827 mtehfpt'h‘

115 3818 153 3867 pr.
181 3805 264 3855 Vatia.
289 3804 441 3869 boimundi,
456 3807 624 3871 Pomponius.
660 3781 1054 3912 ὲὲξυᾜἓτῶξῖεέἀῇῗζξᾳέἷόῗ
1090 3793 1175 3843 ⁰⁰q¹¹⁰

114 3871 274 3942 dicatamque
291 3873 320 3922 in
345 3873 443 3924 castris
461 3890 494 3925 ex
521 3876 625 3927 Britan-

116 3941 166 3990 nici
186 3943 382 4010 litterpolatiouo
399 3943 624 4008 Eddsequeutes.
695 3950 739 3997 ⁶23.
765 3946 902 4015 onerique]
933 3949 976 4000 lix
1004 3948 1053 4001 boe
1077 3951 1174 4004 mendo

153 4013 193 4060 14.
221 4013 349 4079 Darium]
380 4015 444 4078 Leg.
472 4029 530 4064 cuni
555 4017 624 4065 Ger·
661 4033 707 4082 pro
727 4018 849 4086 onerique
868 4028 953 4073 ortum
971 4026 1011 4072 est
1028 4020 1175 4090 lassarique

115 4074 197 4130 lachis
231 4083 356 4146 lissima,
387 4090 414 4136 ut
444 4098 476 4136 ex
503 4082 624 4136 historiae
660 4085 729 4152 opud
749 4087 928 4154 Pomponium.
