2536 4590
507 205 553 219 ...
607 160 762 256 54...

109 356 214 437 peium
225 400 234 432 ‚
258 354 313 417 sed
334 354 466 416 nimium
485 354 547 415 iam
567 350 649 412 liber
672 357 757 409 aeret
777 347 854 430 reip.
877 368 981 445 neque
1000 352 1111 413 omnia
1131 352 1163 413 ia

109 479 174 521 uno
196 456 378 539 reponenda
397 456 635 538 adiecissetque,
659 449 694 512 Si
710 448 787 535 quid
800 450 875 513 huic
893 450 1050 529 acciderit,
1069 474 1167 537 quam

109 561 142 622 in
164 561 230 621 eius
259 562 365 621 locum
394 553 601 624 substituitisi
633 552 835 618 subclamavit
865 554 1012 618 universa
1050 555 1168 634 contio,

109 662 170 737 Tc,
192 659 230 736 Q.
246 660 367 725 Catule.
409 664 492 725 Tum
508 663 562 723 ille
582 659 683 723 victus
706 676 861 719 consensu
882 657 1024 720 omnium
1048 669 1081 720 et
1105 672 1169 720 tam

76 764 282 830 2honoriiico
311 764 441 827 civitatis
472 759 651 826 testimonio
678 781 696 820 a
722 757 869 821 contione
902 757 1052 823 discessit.
1108 759 1191 821 Hics

108 867 245 930 hominis
266 864 501 942 verecundiam,
522 862 634 945 populi
646 859 798 923 iustitiam
816 860 927 923 mirari
946 860 1041 938 tinen
1062 859 1172 933 huius,

110 966 195 1049 quod
217 987 282 1028 non
303 969 388 1029 ultra
416 959 599 1039 contendit,
631 962 751 1044 plebis,
773 959 859 1044 quod
883 960 1117 1025 dissuadentem
1140 974 1171 1025 et

111 1065 325 1131 adversarium
361 1068 530 1133 voluntatis
565 1085 641 1127 suas
670 1084 747 1127 vero
780 1066 993 1128 testimonium
1018 1064 1171 1129 fraudare

75 1170 222 1240 anoluit.
275 1171 337 1233 Per
357 1169 441 1233 idem
461 1181 585 1250 tempus
607 1167 700 1230 Cotta
730 1163 891 1229 iudicandi
924 1187 1055 1243 munus,
1079 1166 1170 1251 quod

109 1270 145 1335 C.
175 1273 335 1335 Gracchus
357 1284 500 1354 ereptum
520 1269 643 1332 senatui
673 1266 715 1331 ad
746 1268 884 1351 equites,
918 1267 1006 1332 sulla
1038 1270 1078 1331 ab
1104 1270 1203 1331 illisu

110 1369 149 1433 ad
170 1384 312 1436 senatum
333 1375 550 1448 transtulerat,
572 1370 743 1451 aequaliter
763 1369 797 1431 in
825 1381 994 1453 utrumque
1021 1370 1170 1434 ordinem

108 1474 240 1553 partitus
262 1485 309 1535 est
336 1485 373 1536 ut
400 1474 574 1536 Horoscius
607 1474 675 1551 lega
707 1492 767 1534 sua
801 1471 959 1554 equitibus
986 1473 1170 1548 inthaatro

77 1574 179 1636 tloca
199 1573 346 1636 restituit.
389 1576 430 1637 At
451 1573 510 1636 Cn.
529 1574 699 1656 Pompeius
721 1573 827 1637 multis
850 1587 881 1636 et
900 1575 1070 1655 praeclaris
1089 1576 1169 1641 viris

108 1674 142 1735 in
164 1672 198 1735 id
217 1676 336 1737 bellum
357 1673 531 1757 adsumptis
555 1673 708 1757 discripto
733 1696 813 1758 quoa
837 1696 876 1738 uc
899 1676 934 1737 in
951 1670 1173 1747 omnis'recss·

110 1795 163 1839 sus
181 1777 289 1841 ,maris
316 1777 473 1859 praesidio
508 1777 780 1852 navium‚·brevi
807 1776 1040 1857 inexuperabili
1071 1796 1204 1841 manusc

109 1888 266 1943 terrarum
287 1883 397 1942 orbem
417 1879 564 1941 liberavit
584 1876 822 1959 praedonesque
843 1896 901 1958 per
921 1880 1006 1939 m'lta
1019 1900 1042 1941 a
1061 1882 1173 1945 multis

109 1981 185 2042 locis
209 1980 298 2046 victis
320 1983 402 2043 circa
425 1980 565 2041 Ciliciam
587 1983 683 2044 classa
708 1976 870 2058 adgressus
891 1978 974 2042 fudit
991 1981 1173 2061 aufugavit.

78 2080 149 2153 5Et
175 2080 261 2165 quod
288 2081 441 2145 maturius
467 2082 586 2143 bellum
618 2094 683 2143 tam
716 2084 778 2143 lats
811 2078 961 2143 diffusum
995 2082 1174 2162 conficeret,

110 2184 259 2267 reliquias
287 2204 398 2246 corum
433 2194 608 2246 contractas
643 2184 678 2244 in
708 2184 841 2245 urbibus
872 2196 1059 2267 remotoque
1089 2185 1174 2247 mari

81 2286 184 2351 oloco
208 2285 326 2347 incerta
348 2285 421 2346 sede
444 2286 614 2350 constituit.
656 2286 753 2366 Sunt,
785 2283 840 2369 qui
862 2284 923 2348 hoc
944 2299 1084 2368 carpant.
1115 2286 1207 2352 aean

183 2470 208 2519 1.
227 2466 375 2521 liberaerei
391 2468 510 2536 publicas
547 2472 572 2521 8.
589 2469 737 2523 testimonio
774 2475 816 2524 tn.
830 2477 879 2526 est.
897 2466 968 2522 otho
980 2469 1094 2524 Roscius
1127 2475 1172 2528 14.

111 2536 243 2659 plescrirpto
262 2553 365 2605 quoqne
383 2539 409 2591 in
447 2544 490 2592 15.
508 2541 577 2592 malo
614 2545 657 2594 16.
674 2543 763 2595 multis
782 2544 845 2595 locis
864 2541 947 2594 victos
983 2545 1026 2596 lii.
1043 2557 1095 2608 quo
1124 2546 1172 2596 20.

123 2622 188 2660 nce
214 2622 231 2659 a

80 2771 85 2784 ·
147 2745 352 2804 intererrat
373 2751 621 2821 reip.]B.liierae
658 2757 733 2810 nius.
759 2755 842 2822 (cuius
870 2754 973 2822 quidem
1004 2757 1174 2811 coniecturas

110 2820 175 2887 reip.
195 2821 226 2874 Α.
245 2819 314 2886 (cnm
332 2839 422 2876 rasura
436 2831 496 2894 post
507 2828 556 2881 litt.
570 2828 622 2893 ae.)
677 2827 827 2880 robabilitas
846 2842 880 2878 ex
898 2843 931 2878 eo
950 2835 1075 2893 angatur,
1099 2827 1173 2894 quod

111 2889 261 2944 Rhenanus.
281 2892 333 2944 iili.
352 2893 418 2945 liber
438 2913 498 2947 cere
515 2898 579 2966 reip·
590 2899 622 2951 P.
682 2932 690 2949 .
709 2897 814 2949 exhibet
832 2895 911 2946 victis
926 2913 976 2949 non
993 2897 1085 2949 victos.
1112 2899 1170 2951 Ve-

147 2957 493 3030 s.anbrrirairis]n1>bn.
522 2965 624 3019 substi-
659 2974 802 3022 rumtamsn
822 2982 881 3019 cum
900 2968 989 3018 littera
1012 2985 1030 3015 a
1055 2968 1118 3020 aliisi
1143 2970 1172 3022 in

112 3028 484 3088 tnatisVsscosanus.Rutsua
497 3038 624 3090 Halmius.
660 3040 753 3092 Valleii
772 3038 914 3104 exemplari
928 3037 1173 3101 interbacitiauoet

146 3102 174 3149 8.
193 3099 386 3168 testimonium]
415 3106 445 3158 Α.
473 3107 624 3158 testimonio
658 3108 684 3160 in
701 3108 752 3160 Ed.
771 3110 887 3176 principe
902 3115 962 3160 nota
977 3110 1011 3160 sit
1029 3125 1171 3175 annorum,

111 3168 187 3220 Pbtt.
224 3171 264 3221 An
283 3171 432 3224 testimonio
450 3175 572 3227 moram?
590 3179 623 3229 0.
659 3178 738 3228 m'lta
761 3184 846 3230 autem
867 3188 1000 3230 exaratum
1027 3180 1076 3244 alt,
1109 3195 1173 3234 cnm

146 3239 191 3290 11.
210 3239 404 3308 transtulerat]
431 3248 478 3309 1.,
510 3253 539 3298 ut
565 3260 624 3298 cor·
659 3249 746 3302 statim
765 3249 882 3299 amnibus
909 3250 1001 3301 litteris
1028 3249 1122 3302 lrabeat
1144 3267 1172 3305 v.

111 3306 180 3358 rexit
197 3307 313 3360 Clodius.
335 3313 535 3365 transtulerant
548 3315 624 3368 Pbli.
660 3317 768 3383 maltis,
794 3321 819 3369 in
841 3319 998 3386 compendio
1017 3319 1096 3370 m'lta
1119 3334 1171 3373 nua

148 3375 390 3448 ll.inutrumque]
402 3382 627 3435 minoratam-
659 3403 758 3439 metntn
778 3395 805 3440 et
823 3405 847 3442 v.
866 3387 942 3439 altra
968 3390 1051 3442 latera
1068 3390 1171 3458 opinor,

112 3461 163 3515 que
181 3444 256 3500 Pbtt.
274 3451 435 3505 corrections
452 3453 520 3508 haud
535 3470 626 3508 necas-
659 3458 795 3510 alluerit:
810 3475 860 3527 per
871 3476 901 3511 x.
916 3458 991 3510 altra
1005 3476 1089 3511 annos
1099 3461 1173 3511 rnat-

111 3516 187 3568 tatis.
659 3526 696 3577 tis
717 3527 781 3579 locis
807 3529 940 3596 victores.)
963 3546 1012 3597 per
1035 3529 1124 3580 multa
1151 3548 1172 3580 a

149 3589 245 3639 1n.nt
272 3588 431 3658 Horoscius]
469 3594 525 3647 ΑΡ.
553 3594 624 3648 Otho
660 3596 830 3650 ntultislocis
848 3599 932 3650 victos
949 3600 1006 3652 PR.
1021 3598 1172 3668 permulta

111 3656 224 3708 Roscius
231 3659 373 3716 Puteanus.
382 3663 416 3715 R.
433 3672 465 3712 ut
476 3664 623 3719 Rosciasb.
656 3667 763 3736 praelia
782 3668 875 3720 multis
893 3668 957 3719 locis
975 3669 1061 3721 victos
1078 3671 1103 3722 b.
1118 3687 1172 3739 per

149 3730 191 3778 14.
211 3727 339 3797 discripto
366 3749 431 3801 quos
460 3750 492 3783 ua
519 3734 559 3802 t'n]
592 3740 623 3788 Α.
659 3738 746 3788 multa
765 3738 852 3789 maria
878 3738 971 3790 multis
996 3738 1060 3791 iocis
1083 3739 1170 3793 victos

112 3793 244 3876 descripto
263 3816 366 3871 qnoque
380 3801 409 3852 in
423 3803 457 3856 Ο.
476 3803 625 3875 descripto-
660 3805 772 3860 ciuilius
798 3816 824 3861 at
848 3808 1000 3877 Luxdorph.
1026 3809 1170 3878 parmatrn

112 3883 163 3934 qua
181 3883 210 3916 tn
227 3868 303 3920 PbR.
659 3878 714 3928 iam
731 3878 793 3929 attia
810 3878 874 3930 locis
893 3880 978 3932 victos
996 3879 1076 3934 liniis.

148 3939 190 3989 15.
204 3937 297 4004 manu]
306 3938 404 3994 APbR.
413 3940 483 3992 nato
491 3942 622 3997 Herelius.
695 3953 737 4002 18.
757 3949 840 4019 quoti]
858 3954 888 4002 Α.
907 3970 959 4022 quo
978 3952 1052 4003 Pin.

147 4006 191 4058 16.
206 4007 344 4073 perrefita
360 4008 420 4078 (sic)
433 4027 452 4063 a
471 4012 565 4065 nruttie
582 4015 623 4065 lo·
694 4021 737 4072 lo.
756 4029 905 4091 remotoque
924 4021 1003 4089 mort]
1021 4022 1103 4075 APR.
1126 4041 1171 4074 re-

111 4071 149 4125 cis
167 4072 246 4127 vicen
259 4076 317 4145 (sio)
349 4080 381 4133 Δ.
397 4097 445 4151 por
458 4081 623 4134 multatam·
659 4097 780 4161 motoque
797 4107 815 4138 a
833 4091 902 4141 mari
920 4091 945 4142 b.

107 4160 177 4212 pora
204 4145 298 4198 nmina
334 4149 387 4204 oct'a
417 4150 533 4208 rictam
555 4152 624 4209 Eni-
694 4160 737 4211 20.
758 4157 872 4227 incerta]
891 4163 922 4214 Α.
948 4159 977 4212 t‘n
996 4171 1069 4215 certa
1091 4163 1168 4218 PbR.
