2536 4590
458 188 767 315 1-16-

116 379 233 461 coepit,
254 380 288 442 in
309 379 455 445 Suessam
474 382 717 466 Minturnasque
741 383 827 448 missi
849 387 969 465 coloni,
993 401 1074 473 post
1097 414 1177 477 qua·

115 481 292 545 driennium
312 487 501 566 Venusiam3
522 488 748 570 interiectoqne
774 489 902 551 biennio
932 491 979 573 Μ.
1011 493 1119 558 Curio
1148 510 1177 560 et

113 584 228 649 llulino
250 587 396 651 Cornelio
419 587 530 652 COSS.
552 588 676 648 Sabinis
698 590 763 650 sine
786 590 935 669 suffragio
956 591 1033 655 data
1056 596 1177 662 civitas.

78 686 144 747 aiu
167 701 269 751 actum
291 705 361 751 ante
381 711 479 752 annos
505 690 603 750 ferme
634 710 741 752 cccxx.
791 693 832 752 At
859 690 941 754 Cosa
967 705 998 755 et
1022 694 1176 764 Paestum

111 791 224 853 abhinc
246 813 344 853 annos
366 794 463 853 lerme
491 803 648 852 trecentos
670 792 768 853 Fabio
799 793 946 877 Dorsone
974 806 1004 855 et
1025 787 1189 883 'Claudias

112 891 231 953 Canina
253 891 365 954 COSS.
397 894 560 954 Interiectu
585 894 822 975 quinquennio,
846 894 1037 975 Sempronio
1062 900 1174 983 Sopho

110 1005 141 1053 et
161 994 264 1074 Appio
285 992 377 1056 Caeci
397 996 461 1057 filio
486 992 597 1058 COSS.
626 994 804 1055 Ariminum
824 996 1044 1059 Beneventum
1068 1002 1175 1064 coloni

77 1096 211 1169 sunsei,
235 1109 265 1156 et
298 1096 437 1175 suffragii
471 1095 591 1158 serendi
612 1097 661 1157 ius
685 1096 809 1159 Sabinis
832 1095 949 1159 datum.
1005 1099 1053 1161 At
1081 1103 1174 1168 initio

110 1198 205 1279 primi
225 1178 299 1258 belli
329 1200 439 1261 Punici
461 1200 602 1262 Firmum
629 1212 661 1259 et
690 1198 832 1260 Castrum
859 1198 978 1260 colonis
1006 1216 1172 1286 occupata,

111 1314 232 1381 etpost
253 1322 370 1361 annum
391 1302 539 1362 Aesernia
562 1315 697 1382 postque
720 1323 799 1360 xxii.
825 1322 923 1361 annos
954 1301 1114 1366 Aesulum
1142 1318 1196 1368 eta

109 1403 230 1463 Alsium
251 1401 472 1482 Fregellasque
496 1422 579 1462 anno
593 1414 666 1481 post
679 1403 840 1463 biennium
853 1403 1069 1487 proximoque
1088 1430 1171 1472 anno

110 1504 272 1584 Torquato
295 1504 544 1585 sempronioque
568 1501 680 1567 COSS.
705 1505 910 1566 Brundisium
932 1518 963 1565 et
982 1521 1058 1586 post
1075 1512 1171 1571 trien-
1210 1574 1212 1599 ÷

110 1606 197 1666 nium
218 1605 402 1686 Spoletium.
423 1628 487 1688 quo
509 1628 591 1669 anno
614 1608 790 1669 Floralium
813 1605 962 1668 ludorum
983 1609 1105 1672 factum
1127 1623 1170 1673 est

109 1708 245 1769 initium.
287 1711 425 1791 Postque
447 1710 609 1770 biennium
631 1709 724 1773 ducta
745 1709 891 1770 Valentia
913 1720 944 1766 et
966 1712 1027 1770 sub
1051 1711 1168 1777 adven·

107 1823 174 1872 tum
194 1810 230 1871 in
250 1812 371 1872 Italiam
392 1813 577 1874 Hannibalis
598 1811 754 1873 Cremona
774 1822 866 1891 atque
887 1811 1058 1876 Placentia.
1169 1829 1192 1869 ss

77 1926 93 1975 1
193 1915 267 1975 XV.
308 1913 432 1991 Deinde
454 1937 574 1995 neque,
605 1914 680 1976 dum
700 1913 859 1973 Hannibal
887 1912 921 1971 in
949 1912 1040 1972 Italia
1061 1936 1166 1978 mora·

110 2025 177 2089 tur,
201 2035 303 2095 neque
324 2015 476 2094 proximis
497 2029 568 2095 post
590 2036 750 2077 excessum
773 2016 839 2075 eius
861 2014 951 2073 annis
967 2015 1165 2080 vacavitRo·

109 2116 208 2176 manis
229 2117 366 2178 colonias
392 2115 542 2196 condere,
566 2139 636 2180 ctam
659 2130 739 2177 esset
759 2119 792 2177 in
815 2118 898 2177 bello
931 2117 1166 2196 conquirendas

109 2217 214 2297 potius
236 2218 324 2278 miles
351 2240 445 2299 quam
471 2216 688 2296 dimittendus,
720 2231 750 2279 et
778 2228 851 2298 post
874 2218 988 2278 bellum
1010 2219 1095 2281 vires
1116 2241 1167 2282 re·

76 2314 264 2384 zlovendae
295 2320 390 2396 magis
430 2342 524 2401 quam
563 2320 764 2402 spargendae.
820 2320 877 2381 Cn.
913 2332 1016 2380 autem
1041 2322 1193 2386 Manlion

107 2420 246 2482 Volsone
266 2433 297 2480 et
314 2422 425 2483 Fulvio
438 2422 601 2484 Nobiliore
626 2422 737 2486 COSS.
758 2422 904 2513 Bononia
926 2419 1061 2484 deducta
1080 2428 1167 2488 eolo·

108 2523 162 2583 nia
184 2523 296 2586 abhinc
319 2543 418 2585 annos
442 2525 538 2586 sermo
560 2547 671 2588 ccxvu.
700 2538 822 2604 etpost
849 2521 1093 2606 quadriennium
1115 2529 1168 2590 Pi-

109 2644 236 2685 saurum
259 2646 293 2685 ac
316 2628 457 2688 Potentia
478 2630 703 2713 interiectaque
725 2628 860 2690 triennio
878 2625 1023 2706 Aquileia
1042 2640 1075 2689 et
1086 2630 1168 2691 Gra·

74 2740 93 2793 3
110 2727 192 2790 visca
209 2740 238 2788 et
250 2740 322 2808 post
337 2727 578 2810 quadriennium
590 2731 687 2791 Luca.
729 2727 849 2790 Eodem
864 2739 1040 2805 temporum
1053 2740 1167 2809 tractu,

110 2851 204 2912 quam
235 2829 320 2912 apud
358 2832 509 2914 quosdam
542 2834 721 2912 ambigitur,
754 2831 900 2890 Puteolos
930 2826 1198 2916 Falernumque„

179 2999 204 3046 1.
224 2997 323 3062 coepit,
341 2997 489 3053 Sinuessam
532 3005 558 3054 2.
576 3001 624 3053 Μ’.
644 3000 725 3051 Curio
767 2999 792 3048 4.
812 2996 905 3047 Cosam
950 2999 992 3048 11.
1011 2996 1168 3065 Fregenae-

109 3081 159 3133 que
180 3073 238 3136 post
275 3069 316 3117 14.
337 3066 448 3120 deducta
482 3075 527 3122 25.
547 3088 702 3138 quamquam
737 3069 990 3132 assuetumque

109 3190 226 3244 eniiibets
244 3190 282 3240 ad
286 3201 379 3261 quium
388 3192 522 3265 Fabioque
531 3196 613 3246 Decio
648 3197 782 3257 Dorsone,
800 3191 911 3242 Claudia
926 3193 952 3244 b.
972 3192 1087 3259 (Canities
1113 3196 1169 3247 ite-

108 3264 612 3331 MareCans.‚cun1apudssurerium
649 3282 708 3316 ram
728 3266 798 3316 Cass.
824 3264 894 3314 Fasti
922 3265 1080 3333 Capitolini.)

108 3334 145 3385 sic
175 3334 223 3384 sits
259 3331 296 3381 ad
325 3333 450 3402 quitatum
478 3335 613 3406 Abbioque
685 3338 728 3386 ll.
746 3333 947 3401 Fregellaeqne]
974 3335 1073 3387 APbR.
1096 3338 1167 3387 Fre·

109 3402 180 3452 decia
198 3420 270 3452 snare
288 3413 385 3471 quarto
398 3407 495 3456 CONS.
516 3407 614 3472 inqui-
648 3421 783 3475 genaeque
802 3405 935 3469 Sigonius.

108 3472 614 3540 busuullaineatdisarepantiacmnAP.
686 3479 729 3525 11.
749 3491 818 3523 arrasa
843 3475 916 3540 post]
942 3474 1023 3526 APll.
1049 3483 1113 3540 past
1141 3476 1167 3529 b.

108 3546 155 3597 nisi
168 3546 236 3612 quod
252 3543 277 3595 hi
299 3559 382 3609 cosa,
408 3561 458 3597 non
478 3547 567 3612 cous.)
688 3549 731 3597 ii.
752 3544 846 3608 dueta]
866 3546 921 3596 ΑΡ.
940 3543 1056 3592 desiccata
1075 3544 1129 3596 bii.

145 3636 169 3686 1.
188 3631 312 3700 coepitio
326 3634 461 3698 Suessam]
478 3635 509 3685 A.
525 3632 619 3702 caepit,
687 3619 731 3666 2¹·
755 3613 867 3665 V⁰l⁸⁰n⁶
896 3623 923 3664 θ’
939 3612 1050 3694 Palaia]
1080 3615 1165 3670 APR.

98 3702 260 3752 'Sinuessam
276 3703 351 3754 PbR,
656 3685 784 3747 Volsone,
805 3687 844 3736 M.
862 3684 958 3734 Fulvio
976 3684 1001 3735 b.

108 3875 157 3908 ⁷¹⁰·
175 3857 254 3910 Μ·
687 3901 730 3949 aa.
756 3895 896 3964 Apion]
923 3895 1019 3948 anan.
1046 3893 1166 3965 Aquita

142 3948 168 3999 4.
187 3943 302 4008 cccxx]
322 3945 421 3998 ABbR.
444 3961 569 3997 cccxxx.
586 3949 617 4000 P.
654 3967 684 4020 p·
704 3968 764 4017 pem
784 3981 912 4032 superse„
929 3968 955 4017 j„
973 3971 1003 4016 Α,

142 4020 265 4096 siena]
286 4033 339 4085 AB.
360 4038 441 4084 Cossa
457 4035 489 4086 P.
510 4037 615 4084 Cassam
686 4042 730 4088 25.
750 4038 841 4105 pacatas]
861 4041 892 4088 A.
911 4051 1071 4105 quamquam
1086 4035 1163 4088 PbR.

108 4103 133 4156 b.
154 4105 246 4152 Cosam
264 4105 298 4157 R.
685 4111 729 4158 25.
749 4105 955 4177 Falernumque]
983 4107 1036 4158 ΑΡ.
1068 4105 1165 4156 Saler-

144 4177 169 4227 5.
189 4174 309 4224 Dorsone
332 4182 358 4224 et
384 4173 508 4240 Claudio]
534 4167 614 4228 APR.
651 4194 765 4248 numque
782 4177 833 4229 bR.
