2536 4590
515 172 775 253 ..54-

116 368 209 435 decus
231 382 261 433 st
280 368 395 433 iudicia
416 372 456 433 ab
476 361 636 451 equitibus
658 361 698 427 ad
718 383 792 427 sum
820 367 991 431 nnmlerrs
1022 364 1166 431 ordinem

113 469 247 555 (quippe
269 493 338 534 eam
357 481 543 554 potestatem
574 466 659 528 nacti
680 468 800 549 equites
825 468 1015 532 Gracchanis
1047 472 1166 552 legibus

115 595 186 638 cum
206 578 240 636 in
261 577 376 639 multos
397 573 582 635 clarissimos
603 582 697 651 atque
712 570 983 634 innocentissimos
1000 573 1088 636 viros
1102 593 1166 635 sse·
1212 618 1214 645 ,

114 679 250 755 sissent,
279 689 347 739 tum
372 678 409 738 P.
436 674 611 748 Rutilium,
647 672 751 734 virum
784 692 851 735 non
883 675 979 737 seculi
1013 675 1082 751 sui,
1115 672 1167 737 scd

114 781 216 844 omnis
246 779 314 844 aevi
352 777 524 858 optimum,
557 775 783 852 interrogatum
822 775 890 855 lege
921 775 1180 856 repetundarum

114 883 252 944 maximo
275 900 346 942 cum
366 879 484 959 gemitu
515 876 645 939 civitatis
674 874 929 959 damnaverant3)
949 879 984 938 in
1015 879 1055 940 iis
1084 879 1169 961 ipsis,

113 1005 194 1066 quae
216 999 274 1063 pro
298 994 405 1042 senatu
430 980 633 1056 moliebatur,
655 991 798 1042 senatum
820 979 932 1040 habuit
955 978 1168 1045 adversarium

112 1104 179 1146 non
199 1085 442 1162 intelligentem,
464 1083 491 1144 si
513 1104 575 1165 qua
599 1081 637 1144 de
658 1084 759 1164 plebis
784 1080 954 1144 commodis
976 1084 1016 1143 ab
1035 1084 1079 1146 'eo
1102 1098 1168 1165 age·

111 1199 231 1265 rentur,
253 1187 348 1251 veluti
374 1184 559 1248 inescandas
583 1183 831 1266 inliciendasque
850 1183 1058 1246 multitudinis
1078 1207 1168 1249 causa

77 1288 197 1368 sideri,
218 1301 253 1351 ut
274 1289 448 1351 minoribus
468 1288 622 1367 perceptis
638 1287 759 1348 maiora
773 1288 976 1366 permitteret.
1018 1289 1197 1373 Deniqucn

111 1413 148 1452 ea
167 1393 297 1453 fortuna
318 1390 417 1448 Drusi
437 1389 512 1465 fuit,
542 1400 577 1447 ut
600 1388 680 1447 malo
709 1387 789 1449 sacta
813 1389 1001 1466 collegarum
1025 1393 1169 1472 quamvis

110 1495 226 1574 optime
248 1495 287 1553 ab
309 1491 378 1571 ipso
401 1490 533 1567 cogitata
556 1500 681 1549 senatus
709 1488 858 1569 probaret
881 1485 1040 1568 magis'et
1065 1493 1169 1557 hono·

108 1615 192 1672 rem,
216 1594 272 1677 qui
296 1595 335 1656 ab
356 1613 395 1653 eo
416 1590 633 1668 deferebatur,
656 1603 836 1672 sperneret,
858 1589 1003 1667 iniurias,
1025 1613 1111 1674 quae
1129 1596 1168 1657 ab

109 1697 177 1759 aliis
199 1694 459 1769 intendebantur,
481 1714 581 1775 aequo
607 1692 712 1756 animo
733 1694 886 1773 reciperet
908 1705 938 1752 et
964 1693 1060 1756 huius
1082 1714 1169 1759 sum·
1193 1696 1199 1708 “

108 1819 178 1863 mae
203 1798 319 1880 gloriae
340 1794 512 1873 invideret,
531 1795 660 1856 illorum
681 1792 837 1857 modicam
858 1796 964 1857 ferret.
1177 1818 1201 1857 ιε

76 1927 92 1978 l
195 1919 285 1978 XIV.
328 1917 411 1976 Tum
432 1935 601 1976 conversus
621 1914 721 1975 Drusi
751 1916 896 1993 animus,
928 1911 1056 1997 quando
1086 1916 1170 1977 benc

107 2019 230 2098 incepta
253 2017 333 2077 male
359 2013 527 2094 cedebant,
549 2015 589 2077 ad
607 2014 742 2078 dandam
760 2018 914 2079 civitatem
933 2018 1059 2097 Italiae;
1080 2015 1169 2099 quod

109 2139 180 2180 cum
201 2116 333 2180 moliens
355 2117 532 2179 revertisset
553 2120 677 2196 eforo,
699 2119 852 2180 immensa
872 2121 926 2180 illa
948 2118 1168 2198 et'incognita,

108 2242 189 2303 quae
213 2240 284 2283 eum
307 2240 429 2300 semper
444 2220 668 2298 comitabatur,
693 2220 811 2282 cinctus
826 2221 1025 2284 multitudine
1041 2223 1075 2284 in
1094 2244 1169 2286 area

109 2319 220 2382 domus
242 2341 316 2382 suae
338 2321 460 2383 cultello
485 2343 668 2402 percussus,
692 2321 749 2405 qui
769 2321 891 2384 adfixus
910 2326 1002 2385 lateri
1022 2323 1090 2384 eius
1114 2342 1203 2386 rte-ao

76 2422 196 2484 tlictus
221 2433 286 2499 ast,
307 2422 391 2483 intra
411 2444 525 2503 paucas
547 2425 641 2486 horas
664 2423 803 2487 decessit.
848 2424 910 2487 Sed
930 2445 1001 2486 cum
1019 2425 1167 2488 ultimum

106 2523 252 2587 redderet
272 2525 435 2605 spiritum,
458 2527 583 2588 intuens
609 2528 872 2589 circumstantium
895 2528 1166 2609 maerentiumqus

106 2626 332 2710 frequentiam,
354 2625 464 2689 effudit
483 2650 594 2692 vocem
613 2630 937 2694 convenientissimam
956 2629 1165 2691 conscientiae

110 2751 196 2796 suae.
238 2727 467 2813 Ecquandoue,
498 2731 621 2814 inquit,
652 2732 827 2814 propinqui
845 2732 1012 2813 amicique,
1031 2731 1165 2793 similem

18 2888 22 2895 ,
73 2834 172 2901 amsi
196 2832 295 2895 civem
314 2832 442 2894 habebit
460 2830 563 2915 resp?
592 2833 684 2894 Hunc
705 2832 801 2894 finem
825 2820 1011 2893 clarissimus
1038 2834 1200 2896 iuvenisse

105 2937 187 2998 vitae
208 2935 336 3012 habuit3
363 2936 449 2996 cuius
464 2955 590 2997 morum
604 2936 732 2997 minime
754 2935 915 2996 omittatur
933 2926 1165 3012 argumentum.

105 3034 185 3097 Cum
208 3033 383 3097 aedificaret
404 3035 533 3100 domum
556 3040 591 3100 in
610 3040 730 3100 Palatio
759 3038 793 3097 in
824 3058 863 3100 eo
894 3038 984 3112 loco,
1014 3037 1071 3098 ubi
1104 3050 1164 3115 est,

156 3222 199 3273 11.
208 3221 367 3288 collegarum
377 3236 453 3287 quam
462 3222 504 3275 vel
516 3223 614 3290 optime
632 3226 674 3276 ts.
684 3223 717 3275 ab
727 3224 778 3278 illis
797 3225 840 3276 ts.
852 3217 985 3273 incondita
1004 3221 1045 3270 19.
1057 3217 1082 3269 iu
1091 3222 1164 3274 strio

138 3383 164 3431 4.
177 3380 446 3448 euenissentMPbR.
460 3381 614 3435 saevierant
649 3384 777 3450 corrigam
811 3381 951 3454 quoniam,
987 3396 1046 3433 cum
1081 3381 1162 3436 etiam

103 3449 218 3503 Clodius.
648 3453 715 3506 int‘rs
734 3454 827 3517 (252,
845 3456 871 3504 2.
904 3457 969 3520 part.
989 3450 1096 3523 quando
1121 3455 1162 3507 sic

138 3526 180 3574 11.
196 3519 357 3594 collegarum
368 3520 490 3591 quamvis
504 3521 612 3590 optime]
648 3531 736 3576 ututur
755 3523 877 3576 Velleius.

101 3596 134 3646 A.
159 3591 321 3664 collegarum
339 3610 419 3664 quam
448 3591 491 3642 vet
516 3593 613 3660 optime
687 3600 727 3647 17,
754 3593 871 3660 incepta]
900 3593 932 3645 A.
964 3600 1059 3660 coepta
1080 3592 1160 3648 PbR.

102 3665 135 3716 0.
155 3663 218 3715 colle
238 3681 316 3714 arom
336 3681 417 3732 quom
435 3661 493 3712 sius
516 3662 613 3731 optime
648 3662 718 3716 Ntbit
736 3664 836 3716 notavit
846 3661 979 3713 liuterius.

100 3734 176 3787 Pbtt.
188 3682 505 3804 coilegarumeiusquam
518 3732 614 3802 optime
684 3739 727 3787 18.
745 3731 893 3798 incognita]
919 3733 991 3785 APb.
1020 3731 1162 3786 incondita

100 3802 206 3857 Rulmk·
427 3851 437 3864 „
647 3805 786 3858 Acidalins.
801 3804 836 3853 R.

137 3878 180 3926 18.
204 3869 239 3922 ab
264 3870 338 3938 aliia]
368 3872 466 3927 APbR.
490 3870 525 3924 ab
556 3872 612 3926 illis
686 3879 728 3928 19.
748 3872 823 3939 area]
857 3873 888 3925 A.
923 3886 1052 3941 supertes.
1086 3871 1160 3924 atrio

101 3942 206 3997 Bubul.
648 3947 738 4012 sicque
753 3943 829 3998 Pbtt.

137 4016 181 4066 lb.
196 4010 333 4078 modicam]
342 4011 440 4065 APbR.
448 4010 612 4065 immodicam
682 4020 726 4069 24.
757 4011 948 4085 Ecquandoue]
986 4011 1068 4065 APR.
1103 4013 1159 4062 Ec-

101 4082 226 4136 Hulmius.
647 4085 754 4156 quaudo
772 4086 799 4135 b.

139 4157 181 4206 to.
202 4169 244 4223 qn.
262 4168 321 4205 cum
340 4155 383 4208 liu.
399 4155 431 4208 A.
449 4154 508 4211 Nec
525 4162 611 4210 tamur
680 4160 724 4209 st.
744 4152 858 4219 domum]
874 4151 974 4209 111111.
988 4151 1115 4222 templum
1123 4153 1156 4207 P.
