2536 4590
494 146 770 272 -srss

90 392 200 461 munis
233 390 391 477 potentiae
421 389 456 456 in
482 388 573 455 illum
602 393 737 475 relegata
770 393 1024 459 confirmaturum
1065 398 1147 462 vires

90 520 184 578 suas3
217 498 364 577 Crassus,
399 509 435 558 ut
458 517 552 580 quem
577 497 787 579 principatum
813 502 899 562 solus
930 496 1059 582 adsequi
1082 521 1148 562 non

89 612 233 684 poterat,
263 600 445 662 auctoritate
466 600 598 679 Pompei
618 600 679 663 viri
700 603 819 664 viribus
849 614 971 664 teneret
999 601 1149 665 Caesaris.

55 704 246 772 aAdfinitas
277 699 369 765 etiam
397 706 480 766 inter
509 703 674 765 Caesarem
705 694 953 787 Pompeiumque
992 714 1150 765 contracta

91 808 229 889 nuptiis,
253 807 370 889 quippe
390 805 486 866 filiam
509 804 544 865 C.
567 804 706 866 Caesaris
728 805 786 868 Cn.
806 810 941 887 Magnus
959 807 1049 868 duxit
1066 820 1167 868 uxo-s

57 927 171 978 arcus.
213 910 252 970 In
271 910 332 969 hoc
355 909 518 970 consulatu
545 906 659 994 Caesar
679 911 778 987 legem
798 911 879 988 tulit,
902 924 955 971 aut
970 932 1043 989 ager
1057 909 1149 971 Cam·

92 1016 201 1093 panus'
217 1011 321 1090 plebei
343 1008 552 1088 divideretur,
572 1032 700 1073 suasore
721 1012 797 1091 legis
817 1015 978 1094 Pompeio.
1018 1013 1066 1073 lta
1089 1014 1149 1075 cir·

96 1117 175 1178 citer
192 1116 246 1178 fi.
266 1115 381 1176 civium
408 1134 445 1174 eo
470 1112 601 1175 deducta
622 1128 653 1176 et
674 1116 724 1176 ius
746 1119 785 1177 ab
807 1117 856 1176 his
876 1117 1054 1177 restitutum
1077 1129 1149 1198 post
1185 1139 1202 1183 s

94 1239 197 1279 annos
219 1219 339 1278 circiter
359 1236 427 1275 cun.
444 1237 539 1297 quam
560 1216 643 1278 bello
667 1217 788 1279 Punico
810 1220 849 1279 ab
871 1218 1022 1279 Romanis
1042 1216 1150 1299 Capua

58 1318 131 1387 sin
158 1320 292 1380 formam
318 1318 532 1399 praefecturae
568 1316 694 1377 redacta
723 1330 799 1381 erat.
854 1320 1005 1392 Bibulus,
1035 1322 1151 1399 collega
1159 1345 1185 1381 ιο

97 1417 256 1497 Caesaris,
277 1440 348 1480 cum
372 1419 508 1480 actiones
530 1419 596 1479 eius
625 1420 721 1498 magis
751 1421 844 1483 vellet
863 1419 1033 1501 impedire,
1055 1441 1150 1504 quam

96 1532 220 1602 posset,
240 1523 359 1582 maiore
380 1533 468 1600 parte
488 1521 562 1581 anni
584 1521 669 1582 domi
689 1542 721 1582 se
743 1523 852 1584 tenuit.
886 1522 1057 1606 quofacto
1074 1521 1149 1584 dum

102 1643 215 1701 augere
230 1625 297 1685 volt
311 1623 461 1688 invidiam
473 1625 623 1700 collegae,
645 1623 733 1684 auxit
750 1624 933 1703 potentiam.
972 1625 1056 1686 Tum
1071 1624 1150 1687 Cae-

102 1723 166 1785 sari
185 1721 326 1784 decretae
346 1724 381 1784 in
402 1725 654 1806 quinquennium
676 1725 806 1785 Galliae.

58 1856 76 1907 1
181 1833 284 1895 XLV.
326 1836 388 1896 Per
405 1832 489 1895 idem
516 1845 639 1913 tempus
661 1839 697 1898 P.
728 1828 872 1906 Clodius,
901 1832 998 1895 homo
1027 1833 1187 1909 nobilium

95 1934 250 2011 disertus,
283 1932 405 2013 audax,
440 1935 558 2017 quique
587 1930 711 1994 dicendi
739 1954 842 2017 neque
873 1932 1008 1995 faciendi
1040 1937 1152 2009 ullum,

93 2041 159 2101 nisi
180 2059 274 2121 quem
295 2040 408 2115 vellet,
430 2051 535 2098 nosset
556 2033 701 2112 modum,
732 2038 888 2099 malorum
911 2039 1152 2125 propositorum

95 2153 249 2204 executor
270 2142 453 2218 acerrimus,
474 2141 600 2201 infamis
624 2141 716 2200 etiam
738 2141 856 2201 sororis
879 2151 989 2220 stupro
1012 2152 1042 2199 et
1064 2153 1152 2200 actus

93 2243 205 2306 incesti
224 2263 297 2304 reus
317 2242 493 2306 ob.initum
515 2242 600 2303 inter
617 2241 849 2319 religiosissima
869 2243 905 2303 P.
924 2242 963 2303 R.
985 2262 1072 2303 sacra
1096 2240 1152 2303 ad·

93 2346 260 2422 ulterium,
282 2365 353 2404 cum
374 2365 483 2422 graves
503 2345 679 2405 inimicitias
703 2365 773 2404 cum
800 2343 847 2404 Μ.
876 2341 1027 2404 Cicerone
1060 2362 1187 2405 exer-20

94 2461 181 2511 ceret
205 2444 295 2530 (quid
318 2448 401 2506 enim
422 2448 506 2507 intel
525 2460 589 2506 tam
612 2446 774 2508 dissimiles
804 2446 937 2506 amicum
967 2467 1033 2507 esse
1059 2459 1152 2526 pote-

92 2566 146 2614 rat
154 2547 184 2634 i)
210 2563 240 2612 et
262 2550 440 2630 apatribus
463 2547 502 2609 ad
524 2550 648 2630 plebem
668 2548 848 2625 transisset,
878 2548 977 2626 legem
998 2548 1030 2606 in
1052 2547 1153 2609 tribu·

95 2667 177 2715 natu
198 2653 284 2729 tulit,
307 2651 363 2733 qui
387 2652 485 2713 civem
506 2651 545 2713 R.
566 2650 746 2713 damnatum
769 2650 994 2723 interemisset,
1020 2660 1050 2708 et
1071 2671 1154 2732 aqua

60 2766 130 2821 zet
150 2754 217 2831 igni
235 2751 485 2815 interdiceretur.
517 2754 605 2818 cuius
626 2755 729 2818 verbis
752 2753 810 2811 etsi
839 2773 904 2813 non
933 2751 1155 2814 nominabatur

98 2857 228 2934 Cicero,
251 2869 356 2916 tamen
377 2857 463 2917 solus
486 2860 660 2934 petebatur.
703 2856 749 2914 Ita
763 2855 813 2915 vir
827 2853 942 2932 optime
963 2852 1092 2913 meritus
1114 2849 1191 2914 deas

95 2960 212 3040 repub.
235 2970 435 3021 conservatae
455 2959 575 3038 patriae
597 2959 734 3038 pretium
761 2955 932 3016 calamitate
964 2954 1051 3015 exilii
1072 2958 1155 3017 tulit.

170 3131 197 3179 3.
215 3128 340 3195 Pompei,
359 3127 455 3180 viribus
490 3131 516 3179 5.
531 3125 627 3193 quippe
645 3123 752 3187 Iuliam,
771 3124 850 3174 filiam
887 3128 913 3175 a.
931 3128 960 3173 ut
971 3117 1041 3186 'ager
1076 3123 1156 3177 s.tus

97 3198 213 3251 civitatis
230 3201 380 3251 restitutum
422 3203 465 3252 16.
484 3199 529 3264 qui
555 3212 642 3263 aeque
684 3193 929 3249 ratramnum
973 3195 1019 3244 23.
1041 3195 1065 3246 ei
1090 3211 1157 3262 aqua

96 3272 144 3322 2⁶.
172 3270 343 3322 calamitatem
371 3282 374 3286 ’
856 3267 861 3275 ’

134 3419 164 3467 2.
184 3414 271 3484 quem]
294 3414 396 3466 ABbR.
416 3412 464 3484 qui
481 3415 512 3467 P.
685 3415 727 3463 18.
746 3408 838 3475 actus]
857 3408 957 3461 APbR.
975 3407 1077 3478 factus
1102 3410 1159 3461 Ge-

134 3489 164 3536 3.
182 3484 292 3552 Pompei
323 3485 376 3535 viri
412 3482 525 3549 viribus]
554 3483 613 3536 AB.
649 3483 740 3534 lenius.

97 3555 232 3635 Pompei,
245 3552 347 3604 viribus
365 3555 442 3606 PbR·
559 3621 565 3633 ,
683 3574 729 3622 aa.
758 3566 889 3617 transiret
912 3564 1038 3617 alienans
1070 3536 1159 3614 tributi

136 3630 165 3676 5·
184 3623 614 3694 quippefittam]npt›lt.qu1ppe
649 3640 828 3699 Burmannus,
856 3649 914 3685 cum
940 3640 1077 3698 utrumque
1104 3649 1161 3683 me-

97 3693 324 3760 Issllamsfiliam
344 3697 375 3750 ⁰·
423 3695 524 3746 N⁰m²¹¹
554 3693 614 3770 mu·
649 3726 693 3761 um
713 3707 881 3773 exemplaret
893 3707 925 3756 Δ.
949 3704 1161 3755 habeanttrans-

99 3772 158 3819 stre
168 3765 317 3831 absorptum
331 3782 347 3817 a
365 3781 421 3817 voc.
437 3765 512 3816 simili
522 3761 615 3830 filiam
650 3781 727 3830 imp,

99 3835 290 3889 restituendum
309 3836 385 3888 duct).
686 3870 730 3918 23·
748 3862 916 3927 damnatum]
932 3860 1006 3915 APb,
1023 3858 1162 3911 indemna-

138 3910 168 3957 ⁶=
185 3906 248 3969 W]
268 3909 298 3957 Α·
321 3914 352 3955 “¹
370 3906 447 3958 ΡΜ·
652 3946 711 3987 tum
728 3936 869 3988 Puteanus.
887 3934 923 3984 R.

138 3979 168 4028 8.
184 3974 229 4024 ins
247 3976 283 4024 ab
300 3975 354 4042 leis]
373 3976 471 4028 nPbtt.
490 3971 534 4023 ius
549 3969 616 4022 civi·
995 4016 1000 4028 ι

102 4045 177 4096 tatis
195 4046 334 4098 Puteanus.
687 4027 732 4075 23·
751 4030 777 4070 ⁶¹
796 4019 881 4089 “qual
902 4019 957 4071 ΛΡ·
975 4034 999 4066 ⁶¹
1017 4033 1092 4089 aqua
1108 4019 1161 4072 brt,

141 4118 187 4166 16.
205 4115 314 4186 quique]
331 4117 385 4175 ΔΡ.
401 4112 618 4186 quinequeVus·
687 4111 732 4160 26.
753 4105 920 4172 calamitate]
939 4107 993 4159 ΑΡ.
1019 4106 1162 4157 calamita-

10 4198 17 4269 ζ,
101 4192 223 4241 mua
241 4185 294 4241 bR.
653 4187 706 4231 tem
724 4178 776 4231 bR·
803 4259 847 4327 δῖ
