2536 4590
501 151 761 224 -dffm

95 333 198 399 manis
212 332 259 398 vis
276 333 508 399 Germanorum
521 337 678 416 gentium,
700 339 815 423 quibus
834 363 950 409 nomen
962 344 1097 410 Cimbris
1116 368 1171 410 ac·

95 438 249 499 Teutonis
285 450 365 515 erat,
398 459 471 500 cum
508 439 697 522 Caepionem
726 446 944 530 Manliumque
976 447 1089 514 COSS.
1121 463 1153 513 et
1262 491 1265 496 ·

92 554 165 602 ante
189 540 368 603 Carbonem
389 541 594 624 Silanumque
614 543 769 607 fudissent
791 548 1011 632 fugassentque
1030 552 1064 612 in
1077 551 1151 613 Gal·

89 641 131 704 lis
155 656 187 705 et
219 644 415 706 exeruissent
444 644 599 705 exercitus
635 667 827 730 caurumque
866 651 1030 712 Aurelium
1062 650 1152 716 COS.

91 757 124 806 et
146 748 224 808 alios
246 745 441 807 celeberrimi
464 746 600 808 nominis
622 749 707 812 virus
727 751 947 830 trucidassent,
968 756 1003 816 P.
1023 754 1062 817 R.
1085 776 1170 818 none

92 849 190 909 alium
210 847 386 928 repellendi
408 851 517 910 stantis
545 850 688 925 hostibus
715 853 811 931 magis
835 853 985 915 idoneum
1015 857 1150 936 impera·

54 963 194 1019 starem
217 971 312 1032 quam
335 950 474 1010 Marium
494 964 539 1012 est
559 964 659 1014 ratus.
702 955 784 1015 Tum
815 956 1011 1035 multiplicati
1036 978 1150 1020 consu-

89 1056 175 1117 latus
198 1055 276 1117 eius.
325 1053 449 1115 Tertius
479 1053 513 1113 in
541 1047 692 1134 apparatu
723 1055 798 1117 belli
832 1070 1051 1138 consumptus3
1085 1080 1149 1141 quo

90 1176 177 1220 anno
198 1155 257 1217 Cn.
278 1155 438 1218 Domitius
461 1156 535 1217 trib.
556 1158 640 1237 pleb.
662 1159 762 1235 legem
788 1158 877 1233 tulit,
907 1172 943 1220 ut
963 1157 1149 1236 sacerdotes,

54 1278 172 1342 equos
194 1269 285 1319 antea
300 1257 445 1334 conlegae
466 1258 681 1335 sufficiebant,
703 1260 840 1340 populus
858 1272 986 1324 crearet.
1028 1259 1146 1335 Quarto
1159 1291 1185 1329 ιο

89 1375 178 1423 trans
197 1360 286 1440 Alpis
308 1358 389 1419 circa
410 1359 518 1441 Aquas
553 1358 675 1421 Sextias
708 1381 780 1422 cum
813 1361 966 1425 Teutonis
998 1363 1150 1444 conflixit,

88 1462 225 1543 amplius
243 1462 442 1523 bdhostium
469 1462 576 1541 priore
608 1485 644 1525 ac
671 1475 799 1544 postero
834 1463 885 1524 die
918 1468 958 1528 ab
991 1485 1028 1526 eo
1053 1467 1149 1529 truci-

10 1602 12 1609 ·
39 1562 187 1641 '5datis3
209 1583 347 1645 gensque
370 1563 474 1624 excisa
498 1563 688 1629 Teutonum.
743 1562 861 1639 Quinto
896 1566 973 1629 citra
998 1568 1087 1648 Alpis
1113 1571 1149 1630 in

10 1676 12 1681 '
89 1666 225 1746 campis,
239 1668 364 1748 'quibus
385 1686 503 1727 numen
522 1677 590 1726 erat
617 1665 751 1741 Raudis,
781 1650 860 1746 ipse
879 1665 969 1730 COS.
994 1682 1027 1729 et
1047 1668 1148 1733 PRO·
1199 1717 1202 1723 .

90 1765 182 1831 cOS.
206 1766 245 1842 Q.
261 1767 404 1829 Lutatius
419 1765 549 1827 Catulus
569 1767 816 1829 fortunatissimo
835 1767 1032 1830 decertavere
1054 1791 1183 1848 prae-rs

87 1872 152 1949 li03
175 1890 264 1931 caesa
284 1880 340 1930 aut
361 1882 450 1950 capta
474 1869 608 1949 amplius
639 1866 669 1932 d.
691 1869 867 1931 hominum.
917 1869 984 1930 Hac
1015 1869 1148 1936 victoria

87 1970 215 2036 videtur
235 1972 384 2032 meruisse
406 1970 542 2048 Marius,
567 1991 607 2030 ne
631 1972 697 2031 eius
711 1970 778 2031 nati
796 1992 896 2053 remp.
911 1971 1096 2053 poeniteret,
1112 1993 1147 2034 ac

54 2074 176 2137 Gbona
194 2074 285 2134 malis
306 2093 500 2154 repensasse.
543 2070 658 2133 Sextus
689 2074 868 2135 consulatus
890 2076 988 2136 veluti
1011 2075 1147 2155 praemi·

87 2197 144 2238 um
175 2176 206 2238 ei
236 2177 422 2238 meritorum
451 2173 553 2236 datus.
604 2175 679 2237 Non
710 2189 815 2237 tamen
841 2177 935 2237 huius
968 2178 1148 2240 consulatus

10 2278 14 2285 ’
84 2277 254 2341 fraudetur
273 2279 389 2358 gloria,
413 2299 476 2361 quo
502 2276 616 2339 Servili
634 2278 782 2339 Glauciae
796 2277 1022 2362 Saturninique
1033 2278 1148 2361 Apulei
1155 2304 1185 2345 20

86 2383 230 2447 fluorem
253 2381 441 2445 continuatis
463 2381 639 2444 honoribus
668 2403 769 2463 remp.
798 2381 1003 2444 lacerantium
1034 2393 1066 2441 et
1084 2382 1150 2460 gla-

88 2483 150 2547 diis
175 2505 303 2567 quoque
324 2499 356 2546 et
379 2482 471 2548 caede
495 2482 619 2573 comitia
651 2484 903 2562 discutiendum,
932 2479 1021 2547 COS.
1054 2483 1148 2544 armis

88 2586 280 2667 compescuit
294 2589 503 2670 hominesque
526 2586 692 2650 exitiabilis
718 2590 754 2650 in
773 2585 909 2650 Hostilia
933 2584 1020 2647 curia
1047 2598 1149 2648 morte

15 2695 24 2713 '
88 2691 244 2753 multavit.

55 2807 72 2859 1
174 2794 263 2854 Xlll.
315 2789 439 2852 Deinde
473 2791 641 2853 interiectis
673 2789 782 2868 paucis
823 2787 912 2849 annis
951 2787 1145 2850 tribunatum
1153 2812 1182 2854 as
1259 2790 1262 2797 '

87 2893 160 2955 iniit
181 2895 228 2956 M.
249 2892 360 2955 Livius
380 2893 524 2969 Drusus,
546 2893 597 2954 vir
617 2889 838 2966 nobilissimus,
866 2890 1146 2976 eloquentissimus,

87 2995 310 3072 sanctissimus,
330 2995 460 3057 meliore
490 2996 525 3056 in
558 2995 664 3055 omnia
689 2991 815 3073 ingenio
850 2979 1018 3074 animoque
1051 3012 1146 3074 quam

52 3098 218 3158 ziortuna
239 3116 332 3174 usus3
356 3098 412 3178 qui
435 3118 506 3157 cum
528 3098 649 3158 senatui
668 3098 806 3177 priscum
825 3094 990 3154 restituere
1019 3107 1147 3174 cuperet

161 3239 187 3290 1.
206 3238 411 3302 Germanorum,
429 3252 518 3288 esrum
536 3239 652 3303 gentium
687 3240 714 3287 3.
732 3230 826 3286 Galliis
868 3236 894 3285 4.
912 3234 1046 3287 exuissent
1069 3249 1147 3287 exer-

87 3310 144 3363 citu
160 3309 340 3374 Scaurumque
382 3312 409 3359 4.
429 3308 591 3360 consularem
634 3312 659 3360 6.
678 3303 835 3373 repellendis
852 3303 932 3355 tantis
975 3308 1019 3359 14.
1035 3305 1149 3358 Raudiis

126 3435 151 3484 l·
168 3433 358 3483 Germanorum
374 3429 507 3499 gentium]
527 3429 601 3483 de.
670 3433 696 3483 6.
715 3422 859 3494 repellendi
875 3423 988 3492 stantis]
1007 3424 1039 3478 Δ.
1062 3423 1148 3494 repel-

85 3504 294 3566 Germnnorum,
315 3518 408 3551 earum
425 3500 546 3569 gentium
566 3500 599 3552 0.
635 3497 721 3550 lendis
738 3495 826 3548 tentis
841 3494 918 3547 Pblt.

85 3575 284 3624 Germanarum
300 3571 421 3642 gendum
439 3572 473 3621 R·
670 3589 697 3636 8.
716 3590 889 3648 consumptus
906 3581 958 3646 est]
979 3583 1011 3633 A.
1029 3597 1045 3632 a
1064 3584 1147 3650 prima

124 3647 152 3695 8·
174 3642 360 3710 Silanumque]
385 3643 418 3695 A·
449 3641 541 3695 Aldus·
563 3640 599 3693 R·
635 3670 726 3718 manu,
744 3652 792 3705 sed
809 3668 825 3703 a
842 3667 894 3704 sec.
912 3659 955 3702 est
974 3652 1094 3706 deletum.

81 3712 435 3849 &if‘i‘i'iffi‘ibauza
452 3781 528 3836 rsa.
670 3747 715 3795 ¹¹·
732 3739 824 3808 Alpis]
843 3739 873 3791 Α·
892 3739 940 3792 ¹¹⁵⁸·
959 3737 1053 3807 A¹p⁶i⁸
1070 3739 1147 3793 Μ’

121 3852 601 3911 e.exaruissentexercituscanrum-
671 3834 715 3882 12·
740 3825 897 3894 immani]
929 3827 1028 3880 Apbfl·
1061 3827 1147 3877 truci·

83 3925 602 4063 utt·..:¹:u:⁰t·..tu;u.ut
636 3898 855 4033 lillis
879 3968 935 4020 a
1092 3966 1145 4020 a.

121 4069 149 4120 4.
177 4066 277 4133 008.]-
298 4065 397 4119 APbtt.
435 4063 600 4116 consularem
671 4063 716 4111 23.
734 4052 893 4122 exitiabilis]
907 4055 938 4108 A.
958 4070 1147 4124 supersedea-

80 4135 177 4192 Aldus.
635 4129 732 4183 itiaiis.

794 4210 817 4274 3
