2536 4590
493 196 776 276 -l26-

26 431 32 437 -
111 392 197 454 eain
220 392 362 472 regione,
388 412 467 475 qnae
488 391 658 472 plurimum
681 374 926 473 aliimperatore
949 394 1065 471 aberat,
1087 415 1148 456 cae-

20 480 25 487 ’
110 515 173 556 sus.
203 508 351 576 occupata
373 497 464 556 armis
486 492 681 557 Macedonia.
707 497 812 555 omnia
829 508 859 555 et
874 497 907 556 in
921 497 1066 557 omnibus
1081 497 1148 558 locis

108 598 172 677 igni
196 600 342 680 ferroque
364 611 489 660 vastata.
533 593 617 670 Quin
639 597 731 656 etiam
752 610 856 657 tantus
881 600 973 663 lulius
993 600 1068 659 belli
1093 619 1148 659 me·

108 713 158 761 tus
181 701 256 775 nsit,
279 712 314 760 ut
333 701 472 761 stabilem
492 700 578 758 illum
597 711 626 759 et
642 699 807 760 formatum
827 712 984 761 tantorum
1004 703 1148 763 bellorum

109 803 300 883 experientia
312 801 450 863 Caesaris
464 795 599 885 Augusti
610 800 746 860 animum
760 813 899 882 quateret
912 815 1004 882 atque
1019 814 1148 863 terreret.

77 927 91 975 1
195 905 278 967 CXI.
320 904 428 964 Habiti
455 907 561 983 itaque
592 899 737 979 dilectus,
769 915 932 963 revocatus
966 902 1102 985 undique
1126 917 1148 965 et

109 1027 216 1069 omnes
238 1007 394 1081 veterani,
415 1005 475 1067 viri
503 1003 699 1085 feminaeque
722 1024 762 1062 ex
782 1024 877 1064 censu
901 1005 1083 1065 libertinum
1106 1026 1148 1066 co-

108 1121 192 1170 actae
214 1108 288 1170 dare
309 1109 451 1168 militum.
493 1104 608 1165 Audita
630 1105 663 1165 in
687 1117 795 1166 senatu
818 1127 882 1167 vox
909 1108 1076 1186 principis,
1105 1107 1148 1168 tle·

108 1211 188 1273 cimo
221 1210 286 1288 die,
316 1212 348 1271 ni
379 1222 556 1283 caveretur,
586 1226 677 1288 posse
695 1210 830 1293 vhostem
858 1210 891 1270 in
921 1212 1007 1271 irrisis
1041 1211 1148 1274 Romae

107 1316 215 1379 venire
237 1326 445 1393 conspectum.
497 1312 683 1372 Senatorum
712 1311 914 1392 equitumque
944 1311 1148 1376 Romanorum

74 1433 233 1487 zexactae
255 1414 347 1477 adiel
370 1416 485 1476 bellum
511 1432 623 1492 operae
646 1406 704 1492 -Ι-
731 1414 904 1491 pollicitati.
948 1410 1063 1475 Omnia
1082 1417 1148 1477 haee

66 1600 72 1615 ἱ
108 1521 223 1581 frustra
260 1534 545 1597 praeparassemus,
568 1513 653 1590 nisi,
690 1514 745 1594 qui
784 1514 838 1574 illa
871 1530 1005 1591 regeret,
1041 1518 1148 1579 fuisset

107 1624 216 1702 ltaque
240 1632 274 1679 ut
296 1617 486 1698 praesidium
509 1616 641 1678 militum
664 1635 745 1696 resp.
769 1617 807 1676 ab
833 1617 971 1695 Augusto
993 1617 1102 1680 ducem
1124 1619 1148 1681 in

75 1709 224 1773 3bellum
255 1706 397 1785 poposcit
417 1703 589 1764 Tiberium.
641 1702 673 1761 H
737 1703 760 1760 it
782 1703 815 1761 in
842 1704 901 1764 hoc
924 1724 1051 1785 quoque
1074 1707 1148 1768 belle

107 1791 302 1855 mediocritas
324 1802 431 1851 nostra
451 1789 582 1869 speciosi
603 1787 679 1846 mini
725 1787 870 1848 ilocum.
920 1788 1025 1850 Finita
1057 1811 1149 1873 eque-

16 1933 21 1946 .
108 1880 165 1942 stri
186 1877 295 1939 militia
325 1874 499 1954 designatus
522 1885 669 1954 quaestor
697 1871 827 1933 necdum
853 1885 979 1934 senator
1008 1889 1148 1959 aequatus

108 1963 305 2025 senatoribus
328 1961 420 2020 etiam
442 1959 606 2036 designatis
628 1958 761 2017 tribunis
783 1960 904 2037 plebei,
925 1972 1047 2038 partem
1069 1983 1148 2023 exer·

109 2050 186 2108 citus
209 2049 246 2107 ab
271 2047 347 2104 urbe
367 2043 473 2104 traditi
502 2046 539 2102 ab
561 2043 699 2120 Augusto
728 2042 876 2124 perduxit
901 2044 939 2104 ad
960 2044 1060 2106 filium
1082 2048 1148 2109 eius.

75 2134 145 2200 tln
167 2144 332 2215 quaestura
354 2126 465 2190 deinde
486 2128 614 2188 remissa
635 2140 718 2188 sorte
735 2130 914 2209 provinciae
935 2132 1059 2208 legatus
1077 2133 1148 2194 eius·

108 2219 179 2279 dem
205 2216 243 2278 ad
265 2213 398 2277 eundem
418 2215 561 2288 missum,
584 2233 661 2295 quas
683 2233 740 2274 nos
762 2215 863 2292 primo
894 2236 976 2277 anno
994 2216 1074 2278 acies
1099 2219 1148 2281 ho·

108 2305 202 2364 stium
224 2297 373 2362 vidimus!
399 2302 521 2381 quantis
552 2298 719 2378 prudentia
753 2298 839 2359 ducis
873 2304 1148 2380 opportunitatibus

108 2385 259 2451 furenteis
282 2405 390 2446 eorum
412 2385 493 2446 vires
515 2386 676 2459 universae
692 2385 844 2446 evasimus
862 2384 1019 2466 partibus!
1041 2403 1148 2471 quanto

178 2528 204 2577 4.
223 2523 350 2576 firmatum
386 2528 411 2576 6.
430 2525 542 2576 revocati
578 2530 605 2578 Β.
624 2525 731 2578 militem
770 2530 811 2578 ll.
838 2541 942 2595 operae.
971 2530 1082 2585 sollicite
1099 2540 1148 2585 snat

108 2595 253 2664 pollicitati.
292 2598 332 2645 ts.
356 2595 510 2663 praesidium
529 2597 647 2648 ultimum
666 2612 732 2664 resp.
781 2602 823 2649 15.
849 2600 982 2651 ministerii
1030 2605 1073 2659 ts.
1097 2619 1148 2673 per·

108 2667 170 2719 duxi
206 2670 250 2717 20.
269 2666 361 2717 missus
397 2670 441 2719 21.
461 2667 571 2718 ludimus
606 2669 650 2720 22.
670 2667 784 2719 fruentes
820 2672 864 2721 22.
879 2668 1045 2724 exhausimus

142 2774 169 2823 s.
203 2768 278 2837 quin]
312 2769 344 2823 Α.
383 2770 546 2824 Vascosanus
577 2770 612 2822 R.
685 2770 839 2837 laertem]
859 2774 1101 2832 APR.etiamb.

107 2840 173 2910 quia
190 2841 239 2893 Pb.
684 2843 727 2892 18.
743 2842 882 2910 perduxit]
894 2845 948 2898 ΑΡ.
953 2845 1073 2914 perduxi
1084 2845 1148 2903 Rite

142 2915 168 2962 3.
194 2909 276 2960 etiam
311 2911 418 2977 lentus]
450 2912 480 2964 d.
517 2921 614 2963 tantus
650 2926 740 2962 uarius.
760 2911 810 2962 bR.

1 3038 5 3048 Ι
106 2981 188 3031 etiam
207 2981 282 3034 Pon.
685 2984 728 3032 20.
748 2982 864 3048 missum]
882 2985 912 3036 Α.
932 2983 1029 3037 missus
1045 2987 1120 3042 Pbli.

141 3056 167 3104 3.
185 3051 283 3117 aeetias]
303 3052 401 3104 APbR.
417 3054 613 3106 motrtsSusius.
684 3055 727 3103 21.
748 3052 872 3120 vidimus]
903 3054 1001 3109 tPtR.
1030 3056 1148 3129 furimus

142 3125 167 3173 4.
182 3121 346 3188 formatum]
385 3123 438 3175 AB.
471 3123 615 3188 firmatum
650 3122 780 3174 Heinsius.

107 3192 199 3243 Burer.
219 3192 252 3242 R.
270 3191 445 3258 fortunatum
462 3193 493 3244 P.
686 3197 729 3244 22.
741 3193 876 3261 furentis]
896 3195 994 3250 APbR.
1028 3199 1148 3254 Sedena

142 3265 168 3314 6,
187 3258 308 3326 dilectus]
337 3262 369 3313 A.
400 3261 516 3312 delectus
540 3262 615 3314 PbR.
645 3261 770 3331 furentis
789 3264 855 3314 viris
874 3265 920 3327 (sie
946 3269 976 3318 Α.
1003 3269 1084 3321 viteis
1108 3272 1147 3325 Pb

43 3391 48 3401 Ι
142 3335 167 3382 6.
189 3331 340 3397 revocatas]
359 3332 412 3382 ΑΡ.
430 3331 547 3381 revocati
564 3333 615 3383 lili.
650 3332 719 3383 vires
728 3334 773 3399 R.)
784 3334 922 3385 universos
936 3338 1046 3403 pessime
1060 3341 1148 3395 dietae

142 3405 167 3452 6.
186 3409 212 3449 et
231 3400 328 3466 omnes]
349 3402 428 3453 APR.
447 3418 535 3451 omnes
553 3402 578 3451 h.
634 3409 735 3474 'essem
761 3405 851 3456 vitium
875 3407 964 3472 utique
988 3411 1064 3464 unice
1088 3414 1115 3466 ia
1132 3428 1148 3464 v

142 3471 615 3537 t.coactae]thbR.cooctiClodius.
644 3472 769 3541 furentis
790 3477 963 3540 quaerendum
986 3495 1071 3547 neque
1096 3497 1148 3536 svers

141 3548 168 3596 Β.
186 3540 311 3608 militum]
331 3544 385 3595 ΔΡ.
409 3541 518 3594 militem
542 3541 615 3594 Rhe·
650 3558 707 3594 cum
726 3543 882 3598 Rulmkenio
901 3549 1082 3615 corrigendum
1101 3554 1148 3623 flo

107 3629 195 3666 nanus.
218 3613 269 3665 tlt.
395 3630 397 3636 ·
650 3614 762 3677 reatris,
782 3617 827 3668 sed
839 3616 967 3685 fruentes
984 3621 1043 3685 (nos
1061 3638 1148 3692 oppor-

144 3689 186 3735 11.
209 3682 367 3751 pollicitati]
393 3684 474 3736 APR.
498 3683 564 3737 mita
590 3701 614 3739 v.
652 3686 809 3738 tunitstibns.
846 3688 961 3739 Primum
993 3693 1018 3742 tu
1046 3701 1148 3747 merten

107 3757 190 3807 simite
208 3754 336 3805 excidisse
358 3754 471 3806 videtur:
502 3754 615 3806 sollicite
652 3763 758 3806 venerat
776 3755 934 3822 affluentes,
959 3761 1006 3813 sed
1028 3762 1148 3830 fruentes

107 3834 172 3875 sunt
189 3824 342 3892 pollicitati.
361 3824 466 3891 (operae
485 3843 517 3874 ex
534 3825 615 3893 poili·
652 3827 730 3891 longe
755 3826 864 3880 facilius.
893 3827 968 3880 ducis
993 3833 1038 3882 usi
1063 3850 1148 3902 oppos·

107 3895 235 3945 citatione
255 3894 359 3947 liultnk.
374 3893 513 3961 pollicitae
534 3897 569 3961 b.)
652 3894 817 3947 tunitatibus
844 3899 975 3952 Heinsius.
1001 3900 1148 3971 opportuni·

143 3971 186 4016 13.
205 3965 331 4032 militum]
360 3965 457 4017 APbtt.
491 3966 616 4018 ultimum
651 3963 755 4015 lctibus
774 3967 818 4017 osi
839 3968 955 4036 lentant.)

107 4034 219 4101 Lipsius.
686 4040 729 4087 22.
747 4039 847 4104 eorosii]
867 4040 941 4092 AbR.
960 4041 989 4092 in
1006 4058 1066 4093 eum
1082 4042 1114 4093 Ρ.

144 4110 186 4156 ts.
206 4105 330 4171 ministri]
351 4106 448 4158 APbR.
477 4105 616 4159 ministerii
686 4110 730 4159 22.
749 4108 893 4177 evasimus]
911 4111 1010 4166 Aeon.
1029 4109 1148 4163 exhaust

106 4175 219 4243 Lipsius.
239 4175 370 4229 Heinsius.
650 4193 709 4227 mus
729 4178 864 4233 Gruterus.
