2564 4590
491 181 674 269 -165
727 228 776 244 -

79 390 173 455 que.
220 367 314 447 Nune
335 369 414 432 utilii
439 368 550 435 turbae
575 369 771 435 concitantur
792 395 873 456 quae
892 377 1035 457 proiecto
1061 374 1161 437 incas·

79 494 171 537 sum
197 476 370 552 agebantur
390 472 418 534 ai
437 473 526 553 prius
551 494 704 555 quamvos
725 475 883 538 serviendi
914 477 1009 538 finem
1037 476 1084 537 illi
1105 474 1162 537 do·

79 574 286 637 minationis
304 572 418 635 factufi
441 586 531 636 erant
550 576 735 656 praesertim
756 597 828 638 oum
850 579 900 639 his
922 581 1038 642 civilib.
1070 579 1163 638 armis

80 676 186 739 diota
209 676 280 737 alia.
323 673 387 736 Seti
408 688 559 736 certatum
581 677 740 759 utrimque
770 678 1022 743 ‹lodominatione
1046 681 1078 740 in
1102 698 1162 741 vo·

38 778 148 840 abia
180 778 232 838 sit.
282 776 359 858 itaq.
390 788 493 838 cetera
525 799 566 839 ex
594 781 720 840 licentia
752 793 805 842 aut
836 781 910 843 odio
945 796 998 844 aut
1032 780 1183 844 avaritias

77 880 261 957 intempus
287 896 392 939 arsere
416 880 587 959 permansit
610 900 672 940 una
693 900 745 942 res
765 881 861 945 modo
891 905 971 966 quae
1006 884 1163 964 utrimque

79 979 292 1063 quaesitaest
321 992 353 1040 et
383 993 490 1061 erepta
511 982 546 1040 in
576 993 748 1060 posterum.
776 984 993 1046 vistribunicia
1024 986 1121 1044 telum
1144 1003 1163 1041 a

78 1079 276 1142 maioribus
295 1080 433 1142 libertati
454 1094 598 1162 paratum
623 1081 709 1162 qnod
731 1104 788 1160 ego
808 1105 867 1146 vos
887 1105 1002 1146 moneo
1029 1104 1162 1165 quaeso-

80 1203 162 1267 que
185 1193 223 1242 ut
246 1181 329 1242 anim
359 1181 527 1245 advertatis
558 1183 630 1244 Neu
666 1185 795 1244 nomina
826 1205 933 1244 rerum
966 1185 1160 1262 adignaviam

79 1292 260 1346 mutantes
281 1283 378 1343 otium
399 1304 458 1366 pro
481 1286 608 1346 servitio
630 1285 792 1366 appelletis
815 1306 879 1365 quo
903 1287 966 1346 iam
995 1287 1064 1366 ipso
1087 1284 1162 1345 frui.
1171 1300 1197 1336 ιο

81 1384 131 1447 Si
154 1404 236 1452 vera
257 1396 287 1444 et
306 1386 439 1447 honesta
462 1386 612 1464 flagitium
641 1387 845 1465 superaverit.
888 1386 963 1447 Non
985 1399 1032 1446 est
1053 1383 1160 1446 condi·

81 1487 146 1548 cio
172 1484 294 1548 fuisset.
338 1485 373 1546 si
394 1488 522 1548 omnino
545 1487 708 1569 quiessetis
729 1488 822 1548 Nunc
838 1487 977 1548 animum
997 1487 1160 1548 advortere

82 1600 128 1649 et
149 1585 227 1647 Nisi
245 1587 381 1649 viceritis
403 1590 554 1670 quoniam
576 1591 677 1650 omnis
697 1589 814 1650 iniuria
834 1591 985 1666 gravitate
1001 1589 1100 1649 tutior
1115 1598 1161 1649 est

38 1689 204 1752 7artius
218 1688 389 1750 habebunt.
431 1689 507 1771 quid
528 1710 635 1749 aenaea
659 1689 755 1766 igitur
777 1689 890 1770 aliquis
920 1701 1059 1750 vestrum
1084 1691 1159 1749 sub·

79 1788 213 1852 iecerit
232 1789 367 1868 primum
389 1791 530 1852 omnium
559 1789 767 1853 omittendum
794 1808 915 1849 morem
943 1788 1028 1847 huno
1064 1807 1194 1868 quernas

61 1892 193 1971 ‘agitis
212 1890 351 1971 inpigrae
375 1892 499 1969 linguae
522 1893 618 1952 animi
639 1892 743 1970 ignavi
767 1891 915 1951 nonultra
935 1887 1089 1949 contionis
1111 1888 1160 1948 lo-

85 2012 177 2054 cum
195 2010 348 2083 memores
368 1993 520 2053 libertatis
543 1991 655 2053 deinde
676 1992 783 2055 Nevos
810 1989 952 2054 advirilia
973 1991 1028 2050 illa
1048 2010 1159 2052 vocem
1187 1984 1190 1990 ’

86 2112 168 2177 quo
189 2082 334 2156 tribunos
356 2093 461 2174 plebei
484 2090 578 2154 modo
612 2093 777 2173 patricium
809 2093 1024 2170 magistratum
1058 2090 1159 2150 libera

87 2198 138 2259 ab
157 2178 350 2256 ⁴sanctoribus
381 2194 519 2274 patriciis
553 2194 689 2272 sufragia
711 2195 846 2255 maiores
877 2191 974 2255 vestri
1006 2209 1157 2269 paravere

89 2315 181 2379 qum
201 2295 248 2358 vis
269 2295 370 2356 omnia
391 2293 530 2370 Quirites
550 2297 675 2358 invobis
698 2297 737 2356 'sit
758 2293 869 2376 atquae
889 2293 974 2354 iussa
988 2290 1081 2351 Nunc
1097 2311 1193 2372 pruro

90 2397 172 2458 aliis
192 2394 329 2456 toleratis
349 2417 408 2475 pro
429 2397 520 2459 vobis
542 2416 633 2474 agere
656 2408 710 2457 aut
731 2406 903 2475 nonagena
923 2407 1004 2454 certe
1024 2392 1175 2474 possitis.‘

91 2502 212 2561 Iovem
226 2508 279 2557 aut
293 2497 388 2557 alium
402 2518 496 2578 quem
517 2496 611 2559 deum
627 2500 838 2560 consultorem
852 2496 1021 2577 expectatis
1046 2516 1158 2571 magna

92 2602 158 2663 illa
179 2579 342 2661 consulum
361 2599 494 2679 imperia
515 2612 545 2660 et
567 2614 694 2682 patrum
715 2600 839 2661 decreta
868 2617 925 2660 vos
955 2592 1155 2675 exsequendo

177 2756 204 2804 2.
223 2767 358 2817 qnam-vos
394 2755 419 2804 4.
438 2753 470 2804 de
495 2755 670 2805 dominatione
706 2756 732 2804 6.
751 2753 777 2803 in
797 2758 900 2816 tempus
935 2753 961 2798 t.
980 2748 1097 2812 quaesita
1118 2752 1158 2796 eat

96 2831 127 2878 1.
150 2825 190 2875 vis
205 2823 341 2874 tribunicia
376 2827 402 2876 9.
426 2825 636 2876 animadvortatis
672 2827 698 2873 9.
717 2822 749 2873 ad
767 2823 895 2887 ignaviam
932 2814 1157 2868 15.amittu11dum
1189 2888 1191 2891 Ι

98 2900 149 2948 la.
167 2909 219 2946 non
237 2895 305 2944 ultra
341 2896 384 2946 17.
402 2893 435 2944 ad
452 2896 536 2946 vitilia
579 2899 623 2946 18.
647 2893 764 2944 tribunos
793 2891 877 2959 plebei
903 2889 996 2951 modo,
1022 2886 1158 2953 patricium

97 2970 150 3018 19.
168 2964 291 3028 suffragia
325 2967 370 3014 20.
388 2979 447 3016 oum
481 2970 526 3017 20.
544 2966 571 3017 in
588 2964 662 3017 vobis
681 2965 715 3015 sit
734 2969 760 3014 et
779 2977 845 3029 quae
880 2965 924 3012 21.
938 2958 1051 3027 possitis,
1068 2956 1157 3008 lovem

97 3040 150 3089 22.
170 3033 335 3102 expectatis?
769 3042 772 3047 ·

141 3175 268 3212 conatus.
302 3163 330 3211 2.
347 3166 493 3226 agerentur
531 3164 572 3213 12.
592 3157 710 3210 animum
728 3155 864 3208 advortite
900 3156 954 3220 (15.
973 3154 1061 3206 Habet
1080 3151 1159 3204 omit-

177 3229 305 3295 tendum.)
348 3233 391 3283 17.
418 3229 478 3280 dein
501 3247 533 3280 ne
583 3234 626 3283 ls.
651 3228 773 3280 tribunos
801 3224 889 3294 plebi,
914 3224 989 3276 modo
1012 3223 1158 3291 patricium

177 3300 368 3369 magistratum
403 3304 448 3350 20.
467 3299 524 3364 uti,
543 3317 611 3371 quae
634 3299 711 3351 iussa
746 3302 791 3351 21.
814 3296 936 3367 possitis.
954 3298 1044 3348 Iovem
1068 3323 1104 3335 --
1123 3321 1157 3336 ·-

176 3367 356 3441 exspectatis:
372 3386 472 3440 magno

143 3513 187 3562 1³.
205 3507 356 3579 gravitate]
374 3509 406 3560 ld
424 3514 481 3570 eat,
499 3511 555 3577 ipsa
567 3525 616 3562 sna
686 3514 729 3560 te.
748 3509 962 3572 Distinguendum
972 3505 1094 3556 tribanos
1098 3503 1158 3570 ple-

95 3583 253 3648 gravitutn
271 3594 323 3645 quo
342 3581 460 3645 gravior,
478 3595 510 3630 eo
527 3581 615 3632 tutior.
650 3577 691 3626 hei
704 3578 787 3641 modo,
801 3576 948 3644 patricium
958 3574 1158 3642 magistratum,

102 3650 178 3706 Niltil
199 3651 248 3702 iam
265 3650 414 3703 mutandum
434 3665 537 3703 censeo.
650 3663 720 3710 non,
753 3654 783 3699 ut
813 3652 853 3696 est
880 3646 949 3712 apud
978 3642 1157 3695 Gerlaohinm=

145 3725 188 3773 15.
207 3719 392 3786 omittendam]
411 3721 456 3771 stc
474 3720 560 3771 Vatia.
576 3733 616 3784 pr.
651 3716 772 3767 tribunos
794 3714 895 3783 plebei,
922 3713 997 3765 modo
1011 3711 1158 3782 patricium

103 3792 241 3856 ceterique
261 3789 343 3843 Codd.
358 3789 534 3840 omittendum
548 3791 616 3840 Aru·
652 3788 851 3852 magistratum.

101 3864 195 3917 siantu
213 3879 239 3929 p.
249 3864 311 3912 212.
330 3860 407 3913 Lind.
688 3862 731 3908 20.
751 3857 824 3925 qam]
844 3856 929 3907 Vatic-
954 3869 994 3920 pr.
1017 3851 1162 3918 superseri·-

146 3936 190 3985 16.
207 3930 348 3996 coactionis]
376 3930 419 3982 Ex
438 3929 617 3983 emendatione
653 3933 700 3995 pto
719 3945 751 3992 u,
767 3933 796 3978 ut
814 3929 848 3978 sit
866 3925 1004 3994 quesnois,
1020 3922 1159 3987 quaesalsa

104 4002 193 4058 Vatia.
208 4019 248 4070 pr.
266 4001 344 4054 Prius
359 4000 617 4053 luetatoonditionis.
652 3998 731 4050 lectio
750 4004 790 4050 est
814 4002 976 4057 ceterorum,
1000 4000 1028 4043 ut
1051 3993 1160 4055 vitietur,

145 4078 190 4127 tt.
204 4070 398 4136 deinde1Vatic.
413 4087 451 4141 pr.
467 4072 551 4126 Vatia.
564 4086 617 4123 sec.
654 4069 752 4123 Vatioo.
772 4075 799 4120 et
817 4067 885 4119 Edd.
913 4071 973 4117 ante
989 4079 1066 4142 fluam
1088 4064 1159 4117 Lati-

108 4144 172 4196 dein
190 4141 311 4197 Gerlach.
654 4141 711 4192 nius
729 4141 872 4204 corrigeret
889 4154 947 4188 cum
965 4151 1014 4189 aas.
