2536 4590
518 188 779 244 ..mv-

79 361 160 436 anni
185 373 360 450 ttt.1).xvltt.
386 372 604 429 memoratam
624 358 875 458 aSchweigero
896 361 935 433 Τ.
955 362 1013 434 Ill.
1039 391 1071 463 p.
1088 364 1207 452 1294,

77 491 115 564 in
136 491 233 566 cuius
261 489 375 566 indice
399 485 570 560 interdum
597 484 680 562 haec
700 488 875 589 leguntur:
910 492 966 579 ‚,C.
981 491 1126 566 Velleius
1139 495 1205 567 Pa-

76 620 224 695 terculus
249 619 430 694 historicus
465 618 718 719 antiquissimus
752 620 798 692 .T.
826 619 911 695 Livii
941 620 1031 696 illius
1057 624 1206 724 aequalis

76 779 187 853 nuper
213 779 234 825 a
258 751 362 823 beato
392 748 561 822 Rhenauo
595 747 752 822 Murbaci
781 748 955 839 inventus,
989 780 1088 852 quem
1126 755 1203 827 item

76 885 171 978 (scil.
196 896 236 954 ut
252 881 473 978 Agathiom)
491 879 632 952 seorsim
648 877 860 967 excudimus,
880 896 918 951 ut
935 881 1030 981 operi
1047 882 1097 955 vel
1124 884 1204 958 addi

76 1009 128 1084 vel
155 1008 244 1082 demi
266 1006 375 1108 possit
399 1036 463 1107 pro
487 1009 649 1111 cuiusque
674 1007 817 1082 lubito:’'
844 1007 1000 1108 equidem
1018 1039 1080 1109 ego
1101 1028 1203 1086 totam
1241 1097 1243 1102 ¹

36 1214 40 1233 ,
74 1168 147 1213 rem
174 1139 222 1212 sic
255 1138 476 1239 interpretor:
509 1158 567 1214 aut
594 1140 780 1214 Rhenanus
811 1139 878 1213 iam
906 1167 995 1214 anuo
1028 1161 1201 1216 thuxvttt.

74 1269 244 1372 pollicitus
272 1286 343 1343 erat
375 1268 565 1358 Frobenio,
599 1270 635 1341 in
669 1271 740 1343 eius
774 1268 910 1344 officina
943 1270 1134 1370 expressum
1160 1274 1204 1345 iri

72 1400 256 1489 Velleium,
282 1426 350 1499 qua
376 1424 436 1497 spe
461 1397 566 1470 fretus
591 1397 648 1471 illa
679 1400 780 1474 verba
806 1400 912 1474 indici
949 1401 1109 1488 inseruit,
1131 1402 1201 1501 'sed

70 1558 147 1604 cum
169 1557 232 1631 per
253 1527 430 1603 biennium
456 1526 626 1625 integrum
650 1529 742 1602 istud
765 1529 936 1631 inceptum
964 1531 1201 1619 extraheretur,

69 1659 205 1732 interim
233 1657 468 1762 typographus
494 1659 671 1758 praemisit
691 1657 849 1760 exemplis
873 1658 1035 1749 indicem,
1072 1661 1107 1732 in
1134 1690 1202 1760 quo

72 1788 168 1863 nulla
186 1787 306 1864 Velleii
327 1787 431 1863 fiebat
455 1789 604 1879 mentio,
624 1789 719 1865 euius
746 1789 877 1888 generis
894 1805 944 1862 est
964 1789 1148 1864 Turicense
1160 1793 1201 1864 R.

73 1919 176 2008 128.;
202 1936 260 1990 aut
284 1946 374 1991 anno
402 1919 538 1993 demum
564 1939 699 1993 mmlx,
726 1917 883 2016 exemplis
906 1919 1060 1991 nondum
1085 1921 1201 1993 diven-

70 2047 151 2120 ditis
176 2046 278 2119 iudex
298 2044 374 2135 ille,
406 2045 442 2118 in
467 2075 535 2145 quo
566 2046 711 2123 Velleius
735 2063 957 2134 memoratur,
985 2049 1199 2148 praepositus

39 2194 137 2265 *est3
162 2203 377 2276 nequaquam
402 2202 480 2250 vero
498 2176 644 2278 scriptor
667 2192 783 2249 noster
808 2174 876 2247 iam
906 2203 995 2249 anno
1021 2196 1197 2255 muxtutt.

69 2305 200 2407 publici
224 2305 308 2378 iuris
330 2304 440 2379 factus
468 2323 536 2396 est,
556 2305 618 2380 sed
640 2306 779 2381 biennio
799 2321 885 2406 post.

173 2461 279 2559 Quod
305 2478 416 2537 autem
441 2489 553 2536 meum
580 2462 624 2536 ad
650 2463 822 2563 inceptum
848 2460 1010 2563 pertinet,
1043 2460 1107 2535 hoc
1145 2491 1198 2535 se-

70 2608 167 2665 cutus
193 2619 269 2665 sum
302 2591 501 2683 consilium,
533 2611 571 2666 ut
595 2593 708 2694 ipsum
737 2592 896 2666 Codicem
927 2591 1198 2681 lllurhacensem,

67 2720 183 2822 quoad
209 2721 280 2796 eius
306 2720 380 2797 fieri
400 2734 532 2825 posset,
557 2724 784 2823 restituerem:
811 2723 859 2795 ita
893 2721 1031 2822 quidem
1056 2740 1093 2795 ut
1118 2723 1198 2796 fun-

68 2850 220 2925 damenti
244 2851 320 2927 loco
343 2827 454 2957 posito
481 2854 631 2957 exemplo
656 2851 929 2929 Amerbachiano
952 2852 989 2926 id
1014 2881 1053 2926 ex
1088 2853 1196 2925 Bure-

64 2979 109 3053 rii
136 2982 412 3059 annotationibus
439 2987 662 3084 corrigerem,
681 2984 877 3085 ubicunque
899 2982 968 3055 vcri
995 2981 1101 3055 simile
1126 3000 1198 3056 crat

65 3110 188 3185 rectius
203 3114 458 3215 accuratiusque
475 3115 518 3189 ab
536 3114 601 3188 hoc
621 3115 743 3188 lectum
760 3142 831 3187 esse
844 3110 1071 3218 ἀρχέτυπον.
1093 3113 1197 3186 Prae-

64 3259 156 3316 terea
198 3221 330 3316 enotavi
367 3245 532 3344 integram
567 3244 743 3321 lectionem
775 3241 1081 3316 Amerhachianam
1115 3248 1198 3344 (A),

65 3372 289 3461 Burerianam
316 3375 404 3471 (B),
429 3375 597 3491 Editiopis
615 3375 780 3478 principis
797 3375 883 3474 (P),
909 3371 1114 3448 Gelenianae
1131 3375 1196 3473 (b),

63 3504 332 3579 Ruhnkenianae
373 3507 461 3603 (R);
496 3506 718 3606 superaddidi
765 3505 973 3579 coniecturas
1012 3507 1082 3578 VV.
1109 3503 1196 3592 DD,

64 3653 231 3736 quotquot
254 3637 521 3738 qualemcunque
541 3654 681 3740 propter
704 3664 839 3709 causam
862 3650 1048 3707 memoratu
1072 3633 1195 3730 dignae

61 3763 282 3851 videbantur3
304 3795 420 3840 omncs
446 3770 533 3840 enim
558 3770 713 3842 exhibere
743 3765 828 3840 nihil
854 3793 995 3866 prorsus
1023 3765 1192 3838 attinebat.

62 3891 219 3967 Salmasii
253 3895 482 3995 suspiciones,
511 3926 595 3996 quas
625 3899 795 3973 interdum
829 3896 1104 3985 commemoravi,
1133 3894 1193 3968 de-

62 4045 214 4126 sumptae
249 4045 329 4100 sunt
364 4055 403 4099 ex
433 4025 592 4099 Seehodii
628 4026 840 4102 bibliotheca
876 4026 991 4101 critica
1021 4056 1048 4099 a.
1083 4026 1191 4100 1828.

60 4156 99 4229 N.
120 4160 177 4230 36.
205 4185 236 4257 p.
254 4159 337 4230 287.
400 4160 438 4229 Iu
481 4157 634 4257 margine
669 4175 780 4232 autem
809 4155 966 4229 interiore
999 4184 1073 4246 eae,
1103 4183 1189 4255 quas
