<?xml version="1.0" encoding="UTF-8"?>
<!DOCTYPE html PUBLIC "-//W3C//DTD XHTML 1.0 Transitional//EN"
    "http://www.w3.org/TR/xhtml1/DTD/xhtml1-transitional.dtd">
<html xmlns="http://www.w3.org/1999/xhtml" xml:lang="en" lang="en">
 <head>
  <title>
</title>
<meta http-equiv="Content-Type" content="text/html;charset=utf-8" />
  <meta name='ocr-system' content='tesseract 3.04.00' />
  <meta name='ocr-capabilities' content='ocr_page ocr_carea ocr_par ocr_line ocrx_word'/>
</head>
<body>
  <div class='ocr_page' id='page_1' title='image "./cvelleipatercul00orelgoog_0097.png"; bbox 0 0 2536 4590; ppageno 0'>
   <div class='ocr_carea' id='block_1_1' title="bbox 551 173 811 247">
    <p class='ocr_par' dir='ltr' id='par_1_1' title="bbox 551 173 811 247">
     <span class='ocr_line' id='line_1_1' title="bbox 551 173 811 247; baseline 0 -15"><span class='ocrx_word' id='word_1_1' title='bbox 551 173 811 247; x_wconf 81' lang='grc'>...76-</span> 
     </span>
    </p>
   </div>
   <div class='ocr_carea' id='block_1_2' title="bbox 59 361 1246 2286">
    <p class='ocr_par' dir='ltr' id='par_1_2' title="bbox 123 361 1216 447">
     <span class='ocr_line' id='line_1_2' title="bbox 123 361 1216 447; baseline -0.01 -18"><span class='ocrx_word' id='word_1_2' title='bbox 123 376 245 446; x_wconf 84' lang='lat' dir='ltr'><strong>5utar,</strong></span> <span class='ocrx_word' id='word_1_3' title='bbox 268 363 445 428; x_wconf 88' lang='lat' dir='ltr'><strong>dimitteret.</strong></span> <span class='ocrx_word' id='word_1_4' title='bbox 488 365 574 427; x_wconf 88' lang='lat' dir='ltr'><strong>Proh</strong></span> <span class='ocrx_word' id='word_1_5' title='bbox 596 361 640 424; x_wconf 91' lang='lat' dir='ltr'><strong>dii</strong></span> <span class='ocrx_word' id='word_1_6' title='bbox 657 361 864 441; x_wconf 88' lang='lat' dir='ltr'><strong>immortales,</strong></span> <span class='ocrx_word' id='word_1_7' title='bbox 886 364 973 447; x_wconf 93' lang='lat' dir='ltr'><strong>quod</strong></span> <span class='ocrx_word' id='word_1_8' title='bbox 987 365 1082 426; x_wconf 84' lang='lat' dir='ltr'><strong>huius</strong></span> <span class='ocrx_word' id='word_1_9' title='bbox 1096 370 1216 431; x_wconf 79' lang='lat' dir='ltr'><strong>volun.</strong></span> 
     </span>
    </p>

    <p class='ocr_par' dir='ltr' id='par_1_3' title="bbox 59 465 1215 548">
     <span class='ocr_line' id='line_1_3' title="bbox 59 465 1215 548; baseline 0.003 -17"><span class='ocrx_word' id='word_1_10' title='bbox 59 480 65 487; x_wconf 83' lang='lat'><strong><em>&#39;</em></strong></span> <span class='ocrx_word' id='word_1_11' title='bbox 153 471 224 531; x_wconf 89' lang='lat' dir='ltr'><strong>tatis</strong></span> <span class='ocrx_word' id='word_1_12' title='bbox 246 489 319 548; x_wconf 89' lang='lat' dir='ltr'><strong>erga</strong></span> <span class='ocrx_word' id='word_1_13' title='bbox 339 469 475 529; x_wconf 85' lang='lat' dir='ltr'><strong>Brutum</strong></span> <span class='ocrx_word' id='word_1_14' title='bbox 494 478 566 548; x_wconf 89' lang='lat' dir='ltr'><strong>post</strong></span> <span class='ocrx_word' id='word_1_15' title='bbox 588 487 657 528; x_wconf 87' lang='lat' dir='ltr'><strong>eam</strong></span> <span class='ocrx_word' id='word_1_16' title='bbox 678 466 728 530; x_wconf 84' lang='lat' dir='ltr'><strong>vir</strong></span> <span class='ocrx_word' id='word_1_17' title='bbox 758 478 822 526; x_wconf 87' lang='lat' dir='ltr'><strong>tam</strong></span> <span class='ocrx_word' id='word_1_18' title='bbox 843 465 926 528; x_wconf 90' lang='lat' dir='ltr'><strong>mitis</strong></span> <span class='ocrx_word' id='word_1_19' title='bbox 952 467 1091 548; x_wconf 89' lang='lat' dir='ltr'><strong>pretium</strong></span> <span class='ocrx_word' id='word_1_20' title='bbox 1123 470 1215 533; x_wconf 87' lang='lat' dir='ltr'><strong>tulit!</strong></span> 
     </span>
    </p>

    <p class='ocr_par' dir='ltr' id='par_1_4' title="bbox 121 567 1229 958">
     <span class='ocr_line' id='line_1_4' title="bbox 121 567 1215 653; baseline 0.006 -25"><span class='ocrx_word' id='word_1_21' title='bbox 121 570 241 632; x_wconf 85' lang='lat' dir='ltr'><strong>sNihil</strong></span> <span class='ocrx_word' id='word_1_22' title='bbox 269 572 325 633; x_wconf 90' lang='lat' dir='ltr'><strong>illa</strong></span> <span class='ocrx_word' id='word_1_23' title='bbox 354 570 486 634; x_wconf 79' lang='lat' dir='ltr'><strong>victoria</strong></span> <span class='ocrx_word' id='word_1_24' title='bbox 520 569 694 630; x_wconf 81' lang='lat' dir='ltr'><strong>mirabiIIus</strong></span> <span class='ocrx_word' id='word_1_25' title='bbox 725 567 970 648; x_wconf 87' lang='lat' dir='ltr'><strong>magnificentius</strong></span> <span class='ocrx_word' id='word_1_26' title='bbox 999 571 1114 633; x_wconf 88' lang='lat' dir='ltr'><strong>clarius</strong></span> <span class='ocrx_word' id='word_1_27' title='bbox 1143 573 1215 653; x_wconf 85' lang='lat' dir='ltr'><strong>fuit,</strong></span> 
     </span>
     <span class='ocr_line' id='line_1_5' title="bbox 154 672 1215 756; baseline 0.003 -23"><span class='ocrx_word' id='word_1_28' title='bbox 154 673 280 756; x_wconf 90' lang='lat' dir='ltr'><strong>quando</strong></span> <span class='ocrx_word' id='word_1_29' title='bbox 300 672 539 756; x_wconf 79' lang='lat' dir='ltr'><strong>neminemnisi</strong></span> <span class='ocrx_word' id='word_1_30' title='bbox 560 672 624 732; x_wconf 88' lang='lat' dir='ltr'><strong>acie</strong></span> <span class='ocrx_word' id='word_1_31' title='bbox 646 684 866 751; x_wconf 91' lang='lat' dir='ltr'><strong>consumptum</strong></span> <span class='ocrx_word' id='word_1_32' title='bbox 888 674 986 735; x_wconf 69' lang='lat' dir='ltr'><strong>civem</strong></span> <span class='ocrx_word' id='word_1_33' title='bbox 1004 673 1107 753; x_wconf 88' lang='lat' dir='ltr'><strong>patria</strong></span> <span class='ocrx_word' id='word_1_34' title='bbox 1130 673 1215 736; x_wconf 86' lang='lat' dir='ltr'><strong>dasi-</strong></span> 
     </span>
     <span class='ocr_line' id='line_1_6' title="bbox 153 772 1229 856; baseline 0.004 -20"><span class='ocrx_word' id='word_1_35' title='bbox 153 774 284 839; x_wconf 83' lang='lat' dir='ltr'><strong>deravit.</strong></span> <span class='ocrx_word' id='word_1_36' title='bbox 325 774 380 836; x_wconf 87' lang='lat' dir='ltr'><strong>sed</strong></span> <span class='ocrx_word' id='word_1_37' title='bbox 396 838 399 842; x_wconf 66' lang='grc'><em>,</em></span> <span class='ocrx_word' id='word_1_38' title='bbox 414 774 529 843; x_wconf 77' lang='lat' dir='ltr'><strong>munna</strong></span> <span class='ocrx_word' id='word_1_39' title='bbox 561 772 792 834; x_wconf 85' lang='lat' dir='ltr'><strong>misericordiae</strong></span> <span class='ocrx_word' id='word_1_40' title='bbox 825 776 998 854; x_wconf 84' lang='lat' dir='ltr'><strong>corrumpit</strong></span> <span class='ocrx_word' id='word_1_41' title='bbox 1025 776 1229 856; x_wconf 84' lang='lat' dir='ltr'><strong>pertinacia,s</strong></span> 
     </span>
     <span class='ocr_line' id='line_1_7' title="bbox 154 873 1212 958; baseline 0 -18"><span class='ocrx_word' id='word_1_42' title='bbox 154 900 224 940; x_wconf 92' lang='lat' dir='ltr'><strong>cum</strong></span> <span class='ocrx_word' id='word_1_43' title='bbox 247 878 395 939; x_wconf 90' lang='lat' dir='ltr'><strong>libentius</strong></span> <span class='ocrx_word' id='word_1_44' title='bbox 416 879 512 938; x_wconf 90' lang='lat' dir='ltr'><strong>vitam</strong></span> <span class='ocrx_word' id='word_1_45' title='bbox 531 876 694 937; x_wconf 85' lang='lat' dir='ltr'><strong>victoriam</strong></span> <span class='ocrx_word' id='word_1_46' title='bbox 710 873 798 952; x_wconf 90' lang='lat' dir='ltr'><strong>dare,</strong></span> <span class='ocrx_word' id='word_1_47' title='bbox 822 896 917 958; x_wconf 88' lang='lat' dir='ltr'><strong>quam</strong></span> <span class='ocrx_word' id='word_1_48' title='bbox 931 878 1005 938; x_wconf 85' lang='lat' dir='ltr'><strong>victi</strong></span> <span class='ocrx_word' id='word_1_49' title='bbox 1021 877 1212 956; x_wconf 82' lang='lat' dir='ltr'><strong>acciperent.</strong></span> 
     </span>
    </p>

    <p class='ocr_par' dir='ltr' id='par_1_5' title="bbox 120 977 1246 1672">
     <span class='ocr_line' id='line_1_8' title="bbox 120 977 1213 1059; baseline 0.002 -19"><span class='ocrx_word' id='word_1_50' title='bbox 120 991 135 1040; x_wconf 88' lang='lat'><em>1</em></span> <span class='ocrx_word' id='word_1_51' title='bbox 237 978 321 1040; x_wconf 86' lang='lat' dir='ltr'><strong>LIII.</strong></span> <span class='ocrx_word' id='word_1_52' title='bbox 363 978 531 1057; x_wconf 86' lang='lat' dir='ltr'><strong>Pompeius</strong></span> <span class='ocrx_word' id='word_1_53' title='bbox 553 979 736 1059; x_wconf 81' lang='lat' dir='ltr'><strong>profugiens</strong></span> <span class='ocrx_word' id='word_1_54' title='bbox 754 999 825 1038; x_wconf 89' lang='lat' dir='ltr'><strong>cum</strong></span> <span class='ocrx_word' id='word_1_55' title='bbox 841 977 963 1039; x_wconf 90' lang='lat' dir='ltr'><strong>duobus</strong></span> <span class='ocrx_word' id='word_1_56' title='bbox 978 977 1122 1041; x_wconf 79' lang='lat' dir='ltr'><strong>Lentulis</strong></span> <span class='ocrx_word' id='word_1_57' title='bbox 1134 1001 1213 1042; x_wconf 91' lang='lat' dir='ltr'><strong>con-</strong></span> 
     </span>
     <span class='ocr_line' id='line_1_9' title="bbox 151 1078 1212 1163; baseline 0.002 -21"><span class='ocrx_word' id='word_1_58' title='bbox 151 1082 306 1143; x_wconf 85' lang='lat' dir='ltr'><strong>sularibus</strong></span> <span class='ocrx_word' id='word_1_59' title='bbox 336 1079 495 1163; x_wconf 84' lang='lat' dir='ltr'><strong>Sextoque</strong></span> <span class='ocrx_word' id='word_1_60' title='bbox 521 1081 585 1143; x_wconf 89' lang='lat' dir='ltr'><strong>filio</strong></span> <span class='ocrx_word' id='word_1_61' title='bbox 619 1092 650 1141; x_wconf 90' lang='lat' dir='ltr'><strong>et</strong></span> <span class='ocrx_word' id='word_1_62' title='bbox 677 1078 819 1142; x_wconf 85' lang='lat' dir='ltr'><strong>Favonio</strong></span> <span class='ocrx_word' id='word_1_63' title='bbox 841 1081 1017 1160; x_wconf 89' lang='lat' dir='ltr'><strong>praetorio,</strong></span> <span class='ocrx_word' id='word_1_64' title='bbox 1047 1101 1129 1163; x_wconf 89' lang='lat' dir='ltr'><strong>quos</strong></span> <span class='ocrx_word' id='word_1_65' title='bbox 1158 1102 1212 1144; x_wconf 88' lang='lat' dir='ltr'><strong>co·</strong></span> 
     </span>
     <span class='ocr_line' id='line_1_10' title="bbox 150 1181 1212 1263; baseline 0.004 -20"><span class='ocrx_word' id='word_1_66' title='bbox 150 1183 240 1245; x_wconf 84' lang='lat' dir='ltr'><strong>mites</strong></span> <span class='ocrx_word' id='word_1_67' title='bbox 264 1185 293 1245; x_wconf 89' lang='lat' dir='ltr'><strong>ei</strong></span> <span class='ocrx_word' id='word_1_68' title='bbox 314 1184 442 1246; x_wconf 89' lang='lat' dir='ltr'><strong>fortuna</strong></span> <span class='ocrx_word' id='word_1_69' title='bbox 462 1181 698 1263; x_wconf 87' lang='lat' dir='ltr'><strong>adgregaverat,</strong></span> <span class='ocrx_word' id='word_1_70' title='bbox 720 1182 807 1260; x_wconf 92' lang='lat' dir='ltr'><strong>aliis,</strong></span> <span class='ocrx_word' id='word_1_71' title='bbox 828 1194 864 1243; x_wconf 91' lang='lat' dir='ltr'><strong>ut</strong></span> <span class='ocrx_word' id='word_1_72' title='bbox 883 1183 1038 1260; x_wconf 87' lang='lat' dir='ltr'><strong>Parthos,</strong></span> <span class='ocrx_word' id='word_1_73' title='bbox 1059 1183 1146 1260; x_wconf 85' lang='lat' dir='ltr'><strong>aliis,</strong></span> <span class='ocrx_word' id='word_1_74' title='bbox 1176 1197 1212 1247; x_wconf 90' lang='lat' dir='ltr'><strong>ut</strong></span> 
     </span>
     <span class='ocr_line' id='line_1_11' title="bbox 149 1284 1246 1369; baseline -0.005 -21"><span class='ocrx_word' id='word_1_75' title='bbox 149 1287 288 1349; x_wconf 81' lang='lat' dir='ltr'><strong>Africam</strong></span> <span class='ocrx_word' id='word_1_76' title='bbox 308 1299 444 1368; x_wconf 90' lang='lat' dir='ltr'><strong>peteret,</strong></span> <span class='ocrx_word' id='word_1_77' title='bbox 464 1287 499 1348; x_wconf 91' lang='lat' dir='ltr'><strong>in</strong></span> <span class='ocrx_word' id='word_1_78' title='bbox 519 1308 582 1369; x_wconf 93' lang='lat' dir='ltr'><strong>quo</strong></span> <span class='ocrx_word' id='word_1_79' title='bbox 604 1284 818 1346; x_wconf 89' lang='lat' dir='ltr'><strong>fidelissimum</strong></span> <span class='ocrx_word' id='word_1_80' title='bbox 843 1285 981 1365; x_wconf 89' lang='lat' dir='ltr'><strong>partium</strong></span> <span class='ocrx_word' id='word_1_81' title='bbox 1001 1305 1130 1347; x_wconf 86' lang='lat' dir='ltr'><strong>suarum</strong></span> <span class='ocrx_word' id='word_1_82' title='bbox 1151 1287 1246 1348; x_wconf 88' lang='lat' dir='ltr'><strong>ha-to</strong></span> 
     </span>
     <span class='ocr_line' id='line_1_12' title="bbox 150 1387 1212 1469; baseline 0.004 -21"><span class='ocrx_word' id='word_1_83' title='bbox 150 1389 238 1450; x_wconf 91' lang='lat' dir='ltr'><strong>beret</strong></span> <span class='ocrx_word' id='word_1_84' title='bbox 258 1409 364 1466; x_wconf 84' lang='lat' dir='ltr'><strong>regem</strong></span> <span class='ocrx_word' id='word_1_85' title='bbox 394 1389 522 1464; x_wconf 90' lang='lat' dir='ltr'><strong>Iubam,</strong></span> <span class='ocrx_word' id='word_1_86' title='bbox 555 1387 777 1465; x_wconf 82' lang='lat' dir='ltr'><strong>suadentibus,</strong></span> <span class='ocrx_word' id='word_1_87' title='bbox 798 1388 975 1468; x_wconf 87' lang='lat' dir='ltr'><strong>Aegyptum</strong></span> <span class='ocrx_word' id='word_1_88' title='bbox 1004 1399 1113 1467; x_wconf 87' lang='lat' dir='ltr'><strong>petere</strong></span> <span class='ocrx_word' id='word_1_89' title='bbox 1132 1410 1212 1469; x_wconf 91' lang='lat' dir='ltr'><strong>pro-</strong></span> 
     </span>
     <span class='ocr_line' id='line_1_13' title="bbox 149 1488 1212 1571; baseline 0.003 -22"><span class='ocrx_word' id='word_1_90' title='bbox 149 1488 255 1566; x_wconf 84' lang='lat' dir='ltr'><strong>posuit</strong></span> <span class='ocrx_word' id='word_1_91' title='bbox 268 1509 389 1549; x_wconf 91' lang='lat' dir='ltr'><strong>memor</strong></span> <span class='ocrx_word' id='word_1_92' title='bbox 402 1489 641 1565; x_wconf 90' lang='lat' dir='ltr'><strong>beneficiorum,</strong></span> <span class='ocrx_word' id='word_1_93' title='bbox 658 1510 738 1570; x_wconf 87' lang='lat' dir='ltr'><strong>quae</strong></span> <span class='ocrx_word' id='word_1_94' title='bbox 751 1489 786 1549; x_wconf 92' lang='lat' dir='ltr'><strong>in</strong></span> <span class='ocrx_word' id='word_1_95' title='bbox 799 1503 922 1571; x_wconf 86' lang='lat' dir='ltr'><strong>patrem</strong></span> <span class='ocrx_word' id='word_1_96' title='bbox 942 1490 1008 1552; x_wconf 92' lang='lat' dir='ltr'><strong>eius</strong></span> <span class='ocrx_word' id='word_1_97' title='bbox 1023 1491 1212 1571; x_wconf 78' lang='lat' dir='ltr'><strong>Ptolomaei,</strong></span> 
     </span>
     <span class='ocr_line' id='line_1_14' title="bbox 150 1589 1210 1672; baseline 0.008 -24"><span class='ocrx_word' id='word_1_98' title='bbox 150 1589 206 1671; x_wconf 88' lang='lat' dir='ltr'><strong>qui</strong></span> <span class='ocrx_word' id='word_1_99' title='bbox 233 1603 301 1651; x_wconf 90' lang='lat' dir='ltr'><strong>tum</strong></span> <span class='ocrx_word' id='word_1_100' title='bbox 321 1610 422 1669; x_wconf 88' lang='lat' dir='ltr'><strong>puero</strong></span> <span class='ocrx_word' id='word_1_101' title='bbox 445 1611 541 1672; x_wconf 89' lang='lat' dir='ltr'><strong>quam</strong></span> <span class='ocrx_word' id='word_1_102' title='bbox 573 1590 681 1652; x_wconf 86' lang='lat' dir='ltr'><strong>iuveni</strong></span> <span class='ocrx_word' id='word_1_103' title='bbox 710 1592 842 1672; x_wconf 87' lang='lat' dir='ltr'><strong>propior</strong></span> <span class='ocrx_word' id='word_1_104' title='bbox 868 1593 1034 1670; x_wconf 83' lang='lat' dir='ltr'><strong>regnabat,</strong></span> <span class='ocrx_word' id='word_1_105' title='bbox 1067 1593 1210 1657; x_wconf 85' lang='lat' dir='ltr'><strong>Alexan-</strong></span> 
     </span>
    </p>

    <p class='ocr_par' dir='ltr' id='par_1_6' title="bbox 115 1672 1241 2082">
     <span class='ocr_line' id='line_1_15' title="bbox 115 1672 1210 1774; baseline 0.006 -23"><span class='ocrx_word' id='word_1_106' title='bbox 115 1688 235 1752; x_wconf 86' lang='lat' dir='ltr'><strong>²driae</strong></span> <span class='ocrx_word' id='word_1_107' title='bbox 259 1672 441 1760; x_wconf 85' lang='lat' dir='ltr'><strong>contulerat.</strong></span> <span class='ocrx_word' id='word_1_108' title='bbox 482 1691 545 1752; x_wconf 86' lang='lat' dir='ltr'><strong>Sed</strong></span> <span class='ocrx_word' id='word_1_109' title='bbox 570 1693 640 1774; x_wconf 91' lang='lat' dir='ltr'><strong>quis</strong></span> <span class='ocrx_word' id='word_1_110' title='bbox 660 1694 696 1753; x_wconf 91' lang='lat' dir='ltr'><strong>in</strong></span> <span class='ocrx_word' id='word_1_111' title='bbox 716 1691 854 1754; x_wconf 89' lang='lat' dir='ltr'><strong>adversis</strong></span> <span class='ocrx_word' id='word_1_112' title='bbox 886 1695 1111 1757; x_wconf 87' lang='lat' dir='ltr'><strong>beneficiorum</strong></span> <span class='ocrx_word' id='word_1_113' title='bbox 1141 1716 1210 1758; x_wconf 82' lang='lat' dir='ltr'><strong>aer-</strong></span> 
     </span>
     <span class='ocr_line' id='line_1_16' title="bbox 147 1790 1241 1879; baseline 0.005 -24"><span class='ocrx_word' id='word_1_114' title='bbox 147 1805 201 1856; x_wconf 88' lang='lat' dir='ltr'><strong>vat</strong></span> <span class='ocrx_word' id='word_1_115' title='bbox 220 1790 427 1855; x_wconf 79' lang='lat' dir='ltr'><strong>memoriam?</strong></span> <span class='ocrx_word' id='word_1_116' title='bbox 450 1806 503 1855; x_wconf 87' lang='lat' dir='ltr'><strong>aut</strong></span> <span class='ocrx_word' id='word_1_117' title='bbox 526 1795 598 1876; x_wconf 91' lang='lat' dir='ltr'><strong>quis</strong></span> <span class='ocrx_word' id='word_1_118' title='bbox 625 1796 723 1856; x_wconf 91' lang='lat' dir='ltr'><strong>ullam</strong></span> <span class='ocrx_word' id='word_1_119' title='bbox 755 1793 940 1856; x_wconf 86' lang='lat' dir='ltr'><strong>calamitosis</strong></span> <span class='ocrx_word' id='word_1_120' title='bbox 977 1794 1086 1858; x_wconf 89' lang='lat' dir='ltr'><strong>deberi</strong></span> <span class='ocrx_word' id='word_1_121' title='bbox 1113 1809 1208 1879; x_wconf 90' lang='lat' dir='ltr'><strong>putat</strong></span> <span class='ocrx_word' id='word_1_122' title='bbox 1216 1821 1241 1861; x_wconf 82' lang='lat' dir='ltr'><strong>ss</strong></span> 
     </span>
     <span class='ocr_line' id='line_1_17' title="bbox 146 1881 1209 1978; baseline 0.003 -21"><span class='ocrx_word' id='word_1_123' title='bbox 146 1890 277 1974; x_wconf 65' lang='lat' dir='ltr'><strong>graflm</strong></span> <span class='ocrx_word' id='word_1_124' title='bbox 298 1881 352 1958; x_wconf 85' lang='lat' dir='ltr'><strong>aut</strong></span> <span class='ocrx_word' id='word_1_125' title='bbox 373 1895 499 1978; x_wconf 88' lang='lat' dir='ltr'><strong>quando</strong></span> <span class='ocrx_word' id='word_1_126' title='bbox 521 1899 650 1958; x_wconf 89' lang='lat' dir='ltr'><strong>fortuna</strong></span> <span class='ocrx_word' id='word_1_127' title='bbox 670 1916 735 1958; x_wconf 90' lang='lat' dir='ltr'><strong>non</strong></span> <span class='ocrx_word' id='word_1_128' title='bbox 758 1908 858 1958; x_wconf 87' lang='lat' dir='ltr'><strong>mutat</strong></span> <span class='ocrx_word' id='word_1_129' title='bbox 880 1894 1000 1960; x_wconf 81' lang='lat' dir='ltr'><strong>iidem?</strong></span> <span class='ocrx_word' id='word_1_130' title='bbox 1034 1898 1127 1959; x_wconf 89' lang='lat' dir='ltr'><strong>Missi</strong></span> <span class='ocrx_word' id='word_1_131' title='bbox 1145 1901 1209 1961; x_wconf 91' lang='lat' dir='ltr'><strong>ita-</strong></span> 
     </span>
     <span class='ocr_line' id='line_1_18' title="bbox 147 1996 1208 2082; baseline 0.007 -25"><span class='ocrx_word' id='word_1_132' title='bbox 147 2018 209 2078; x_wconf 92' lang='lat' dir='ltr'><strong>que</strong></span> <span class='ocrx_word' id='word_1_133' title='bbox 241 2001 280 2058; x_wconf 93' lang='lat' dir='ltr'><strong>ab</strong></span> <span class='ocrx_word' id='word_1_134' title='bbox 313 2018 402 2074; x_wconf 87' lang='lat' dir='ltr'><strong>rege,</strong></span> <span class='ocrx_word' id='word_1_135' title='bbox 437 2001 492 2079; x_wconf 90' lang='lat' dir='ltr'><strong>qui</strong></span> <span class='ocrx_word' id='word_1_136' title='bbox 522 1999 700 2060; x_wconf 87' lang='lat' dir='ltr'><strong>venientem</strong></span> <span class='ocrx_word' id='word_1_137' title='bbox 733 1998 791 2061; x_wconf 87' lang='lat' dir='ltr'><strong>Cn.</strong></span> <span class='ocrx_word' id='word_1_138' title='bbox 814 1997 1001 2079; x_wconf 89' lang='lat' dir='ltr'><strong>Pompeium</strong></span> <span class='ocrx_word' id='word_1_139' title='bbox 1033 1996 1072 2082; x_wconf 92' lang='lat' dir='ltr'><strong>(is</strong></span> <span class='ocrx_word' id='word_1_140' title='bbox 1100 2001 1208 2064; x_wconf 86' lang='lat' dir='ltr'><strong>iama</strong></span> 
     </span>
    </p>

    <p class='ocr_par' dir='ltr' id='par_1_7' title="bbox 142 2097 1207 2286">
     <span class='ocr_line' id='line_1_19' title="bbox 142 2097 1207 2184; baseline 0.006 -25"><span class='ocrx_word' id='word_1_141' title='bbox 142 2097 308 2180; x_wconf 84' lang='lat' dir='ltr'><strong>Mytilenis</strong></span> <span class='ocrx_word' id='word_1_142' title='bbox 343 2097 522 2160; x_wconf 83' lang='lat' dir='ltr'><strong>Corneliam</strong></span> <span class='ocrx_word' id='word_1_143' title='bbox 550 2122 685 2162; x_wconf 86' lang='lat' dir='ltr'><strong>uxorem</strong></span> <span class='ocrx_word' id='word_1_144' title='bbox 713 2112 871 2181; x_wconf 86' lang='lat' dir='ltr'><strong>receptam</strong></span> <span class='ocrx_word' id='word_1_145' title='bbox 899 2102 933 2162; x_wconf 91' lang='lat' dir='ltr'><strong>in</strong></span> <span class='ocrx_word' id='word_1_146' title='bbox 966 2123 1081 2164; x_wconf 86' lang='lat' dir='ltr'><strong>navam</strong></span> <span class='ocrx_word' id='word_1_147' title='bbox 1112 2103 1207 2184; x_wconf 85' lang='lat' dir='ltr'><strong>fugae</strong></span> 
     </span>
     <span class='ocr_line' id='line_1_20' title="bbox 147 2198 1207 2286; baseline 0.004 -23"><span class='ocrx_word' id='word_1_148' title='bbox 147 2203 291 2264; x_wconf 85' lang='lat' dir='ltr'><strong>comitam</strong></span> <span class='ocrx_word' id='word_1_149' title='bbox 314 2203 431 2262; x_wconf 90' lang='lat' dir='ltr'><strong>habere</strong></span> <span class='ocrx_word' id='word_1_150' title='bbox 453 2198 611 2286; x_wconf 88' lang='lat' dir='ltr'><strong>coeperat)</strong></span> <span class='ocrx_word' id='word_1_151' title='bbox 633 2202 763 2266; x_wconf 90' lang='lat' dir='ltr'><strong>consilio</strong></span> <span class='ocrx_word' id='word_1_152' title='bbox 785 2202 942 2265; x_wconf 88' lang='lat' dir='ltr'><strong>Theodoti</strong></span> <span class='ocrx_word' id='word_1_153' title='bbox 963 2216 994 2265; x_wconf 92' lang='lat' dir='ltr'><strong>et</strong></span> <span class='ocrx_word' id='word_1_154' title='bbox 1013 2203 1118 2265; x_wconf 83' lang='lat' dir='ltr'><strong>Achili</strong></span> <span class='ocrx_word' id='word_1_155' title='bbox 1147 2226 1207 2267; x_wconf 82' lang='lat' dir='ltr'><strong>ex·</strong></span> 
     </span>
    </p>
   </div>
   <div class='ocr_carea' id='block_1_3' title="bbox 146 2341 1204 2465">
    <p class='ocr_par' dir='ltr' id='par_1_8' title="bbox 146 2341 1204 2465">
     <span class='ocr_line' id='line_1_21' title="bbox 217 2341 1204 2411; baseline 0.007 -19"><span class='ocrx_word' id='word_1_156' title='bbox 217 2344 244 2393; x_wconf 74' lang='lat'><strong>2.</strong></span> <span class='ocrx_word' id='word_1_157' title='bbox 264 2347 356 2407; x_wconf 85' lang='lat' dir='ltr'><strong>postea</strong></span> <span class='ocrx_word' id='word_1_158' title='bbox 373 2341 413 2392; x_wconf 87' lang='lat' dir='ltr'><strong>vir</strong></span> <span class='ocrx_word' id='word_1_159' title='bbox 447 2346 474 2393; x_wconf 86' lang='lat'><strong>5.</strong></span> <span class='ocrx_word' id='word_1_160' title='bbox 494 2341 610 2411; x_wconf 85' lang='lat' dir='ltr'><strong>corrupit</strong></span> <span class='ocrx_word' id='word_1_161' title='bbox 644 2348 670 2397; x_wconf 81' lang='grc'><strong>6.</strong></span> <span class='ocrx_word' id='word_1_162' title='bbox 691 2344 839 2398; x_wconf 86' lang='lat' dir='ltr'><strong>victoriam</strong></span> <span class='ocrx_word' id='word_1_163' title='bbox 855 2343 930 2396; x_wconf 85' lang='lat' dir='ltr'><strong>daret</strong></span> <span class='ocrx_word' id='word_1_164' title='bbox 966 2348 1009 2397; x_wconf 90' lang='lat'><strong>10.</strong></span> <span class='ocrx_word' id='word_1_165' title='bbox 1026 2343 1122 2410; x_wconf 85' lang='lat' dir='ltr'><strong>inqua</strong></span> <span class='ocrx_word' id='word_1_166' title='bbox 1158 2349 1204 2400; x_wconf 76' lang='lat'><strong>12.</strong></span> 
     </span>
     <span class='ocr_line' id='line_1_22' title="bbox 146 2409 508 2465; baseline 0 0"><span class='ocrx_word' id='word_1_167' title='bbox 146 2413 290 2465; x_wconf 86' lang='lat' dir='ltr'><strong>Ptolemaei</strong></span> <span class='ocrx_word' id='word_1_168' title='bbox 328 2415 370 2464; x_wconf 79' lang='lat'><strong>19.</strong></span> <span class='ocrx_word' id='word_1_169' title='bbox 390 2409 508 2465; x_wconf 77' lang='lat' dir='ltr'><strong>Achillae</strong></span> 
     </span>
    </p>
   </div>
   <div class='ocr_carea' id='block_1_4' title="bbox 140 2538 1231 3812">
    <p class='ocr_par' dir='ltr' id='par_1_9' title="bbox 145 2538 1205 2681">
     <span class='ocr_line' id='line_1_23' title="bbox 145 2538 1205 2610; baseline 0.01 -23"><span class='ocrx_word' id='word_1_170' title='bbox 145 2555 227 2610; x_wconf 78' lang='lat' dir='ltr'><strong>quam</strong></span> <span class='ocrx_word' id='word_1_171' title='bbox 240 2547 273 2588; x_wconf 83' lang='lat' dir='ltr'><strong>ur</strong></span> <span class='ocrx_word' id='word_1_172' title='bbox 286 2547 476 2606; x_wconf 81' lang='lat' dir='ltr'><strong>omnespatrea</strong></span> <span class='ocrx_word' id='word_1_173' title='bbox 491 2538 584 2603; x_wconf 81' lang='lat' dir='ltr'><strong>(sic)b.</strong></span> <span class='ocrx_word' id='word_1_174' title='bbox 603 2540 655 2591; x_wconf 84' lang='lat' dir='ltr'><strong>Se·</strong></span> <span class='ocrx_word' id='word_1_175' title='bbox 690 2556 774 2607; x_wconf 83' lang='lat' dir='ltr'><strong>neque</strong></span> <span class='ocrx_word' id='word_1_176' title='bbox 805 2544 980 2596; x_wconf 87' lang='lat' dir='ltr'><strong>necessarium</strong></span> <span class='ocrx_word' id='word_1_177' title='bbox 1011 2547 1053 2595; x_wconf 82' lang='lat' dir='ltr'><strong>est</strong></span> <span class='ocrx_word' id='word_1_178' title='bbox 1084 2549 1114 2595; x_wconf 85' lang='lat' dir='ltr'><strong>st</strong></span> <span class='ocrx_word' id='word_1_179' title='bbox 1142 2545 1205 2598; x_wconf 83' lang='lat' dir='ltr'><strong>loeo</strong></span> 
     </span>
     <span class='ocr_line' id='line_1_24' title="bbox 145 2610 1085 2681; baseline 0.007 -21"><span class='ocrx_word' id='word_1_180' title='bbox 145 2612 233 2676; x_wconf 83' lang='lat' dir='ltr'><strong>quitur</strong></span> <span class='ocrx_word' id='word_1_181' title='bbox 245 2610 316 2661; x_wconf 89' lang='lat' dir='ltr'><strong>Iocus</strong></span> <span class='ocrx_word' id='word_1_182' title='bbox 329 2611 518 2673; x_wconf 82' lang='lat' dir='ltr'><strong>conclamatus3</strong></span> <span class='ocrx_word' id='word_1_183' title='bbox 536 2626 594 2662; x_wconf 90' lang='lat' dir='ltr'><strong>uam</strong></span> <span class='ocrx_word' id='word_1_184' title='bbox 606 2626 654 2662; x_wconf 87' lang='lat' dir='ltr'><strong>uec</strong></span> <span class='ocrx_word' id='word_1_185' title='bbox 690 2614 774 2664; x_wconf 88' lang='lat' dir='ltr'><strong>minus</strong></span> <span class='ocrx_word' id='word_1_186' title='bbox 792 2621 939 2681; x_wconf 88' lang='lat' dir='ltr'><strong>opportuno</strong></span> <span class='ocrx_word' id='word_1_187' title='bbox 965 2615 1085 2680; x_wconf 85' lang='lat' dir='ltr'><strong>positum.</strong></span> 
     </span>
    </p>

    <p class='ocr_par' dir='ltr' id='par_1_10' title="bbox 145 2680 1204 2819">
     <span class='ocr_line' id='line_1_25' title="bbox 145 2680 1204 2753; baseline 0.006 -21"><span class='ocrx_word' id='word_1_188' title='bbox 145 2682 199 2732; x_wconf 87' lang='lat' dir='ltr'><strong>ulla</strong></span> <span class='ocrx_word' id='word_1_189' title='bbox 217 2680 333 2732; x_wconf 87' lang='lat' dir='ltr'><strong>militaris</strong></span> <span class='ocrx_word' id='word_1_190' title='bbox 357 2681 423 2731; x_wconf 86' lang='lat' dir='ltr'><strong>inest</strong></span> <span class='ocrx_word' id='word_1_191' title='bbox 443 2680 551 2732; x_wconf 78' lang='lat' dir='ltr'><strong>formula</strong></span> <span class='ocrx_word' id='word_1_192' title='bbox 570 2697 654 2748; x_wconf 87' lang='lat' dir='ltr'><strong>neque</strong></span> <span class='ocrx_word' id='word_1_193' title='bbox 724 2687 750 2734; x_wconf 81' lang='lat'><strong>2.</strong></span> <span class='ocrx_word' id='word_1_194' title='bbox 767 2693 830 2750; x_wconf 84' lang='lat' dir='ltr'><strong>post</strong></span> <span class='ocrx_word' id='word_1_195' title='bbox 850 2685 918 2751; x_wconf 84' lang='lat' dir='ltr'><strong>eam]</strong></span> <span class='ocrx_word' id='word_1_196' title='bbox 934 2685 989 2737; x_wconf 82' lang='grc' dir='ltr'><strong>ΔΡ.</strong></span> <span class='ocrx_word' id='word_1_197' title='bbox 1005 2692 1101 2753; x_wconf 78' lang='lat' dir='ltr'><strong>postea</strong></span> <span class='ocrx_word' id='word_1_198' title='bbox 1125 2682 1204 2738; x_wconf 83' lang='lat' dir='ltr'><strong>ere-</strong></span> 
     </span>
     <span class='ocr_line' id='line_1_26' title="bbox 146 2750 850 2819; baseline 0.004 -15"><span class='ocrx_word' id='word_1_199' title='bbox 146 2751 264 2804; x_wconf 86' lang='lat' dir='ltr'><strong>Velleius</strong></span> <span class='ocrx_word' id='word_1_200' title='bbox 282 2750 369 2803; x_wconf 82' lang='lat' dir='ltr'><strong>dicere</strong></span> <span class='ocrx_word' id='word_1_201' title='bbox 387 2757 489 2819; x_wconf 88' lang='lat' dir='ltr'><strong>poterat</strong></span> <span class='ocrx_word' id='word_1_202' title='bbox 515 2767 544 2803; x_wconf 88' lang='lat' dir='ltr'><strong>se</strong></span> <span class='ocrx_word' id='word_1_203' title='bbox 561 2753 587 2803; x_wconf 89' lang='lat' dir='ltr'><strong>in</strong></span> <span class='ocrx_word' id='word_1_204' title='bbox 615 2753 653 2804; x_wconf 76' lang='lat' dir='ltr'><strong>liis</strong></span> <span class='ocrx_word' id='word_1_205' title='bbox 688 2768 779 2809; x_wconf 86' lang='lat' dir='ltr'><strong>nauus.</strong></span> <span class='ocrx_word' id='word_1_206' title='bbox 799 2755 850 2807; x_wconf 87' lang='lat' dir='ltr'><strong>bR.</strong></span> 
     </span>
    </p>

    <p class='ocr_par' dir='ltr' id='par_1_11' title="bbox 144 2822 1204 2961">
     <span class='ocr_line' id='line_1_27' title="bbox 144 2822 1204 2893; baseline 0.005 -20"><span class='ocrx_word' id='word_1_207' title='bbox 144 2823 277 2874; x_wconf 84' lang='lat' dir='ltr'><strong>narrandis</strong></span> <span class='ocrx_word' id='word_1_208' title='bbox 310 2822 423 2873; x_wconf 84' lang='lat' dir='ltr'><strong>militari</strong></span> <span class='ocrx_word' id='word_1_209' title='bbox 463 2822 653 2873; x_wconf 81' lang='lat' dir='ltr'><strong>consuetudine</strong></span> <span class='ocrx_word' id='word_1_210' title='bbox 724 2829 751 2877; x_wconf 81' lang='lat'><strong>5.</strong></span> <span class='ocrx_word' id='word_1_211' title='bbox 763 2823 919 2892; x_wconf 82' lang='lat' dir='ltr'><strong>corrumpit]</strong></span> <span class='ocrx_word' id='word_1_212' title='bbox 930 2826 985 2878; x_wconf 84' lang='grc' dir='ltr'><strong>ΑΡ.</strong></span> <span class='ocrx_word' id='word_1_213' title='bbox 996 2822 1116 2893; x_wconf 81' lang='lat' dir='ltr'><strong>corrupit</strong></span> <span class='ocrx_word' id='word_1_214' title='bbox 1125 2822 1204 2878; x_wconf 76' lang='lat' dir='ltr'>Rhe-</span> 
     </span>
     <span class='ocr_line' id='line_1_28' title="bbox 144 2893 847 2961; baseline 0.01 -20"><span class='ocrx_word' id='word_1_215' title='bbox 144 2893 203 2942; x_wconf 81' lang='lat' dir='ltr'><strong>uti.-</strong></span> <span class='ocrx_word' id='word_1_216' title='bbox 218 2908 285 2958; x_wconf 86' lang='lat' dir='ltr'><strong>quae</strong></span> <span class='ocrx_word' id='word_1_217' title='bbox 302 2894 414 2961; x_wconf 86' lang='lat' dir='ltr'><strong>ineptiae</strong></span> <span class='ocrx_word' id='word_1_218' title='bbox 428 2899 560 2945; x_wconf 86' lang='lat' dir='ltr'><strong>remanent</strong></span> <span class='ocrx_word' id='word_1_219' title='bbox 574 2894 653 2945; x_wconf 87' lang='lat' dir='ltr'><strong>etiam</strong></span> <span class='ocrx_word' id='word_1_220' title='bbox 687 2909 776 2946; x_wconf 85' lang='lat' dir='ltr'><strong>uanus.</strong></span> <span class='ocrx_word' id='word_1_221' title='bbox 796 2895 847 2948; x_wconf 89' lang='lat' dir='ltr'><strong>bR.</strong></span> 
     </span>
    </p>

    <p class='ocr_par' dir='ltr' id='par_1_12' title="bbox 140 2961 1231 3812">
     <span class='ocr_line' id='line_1_29' title="bbox 144 2961 1203 3031; baseline 0.004 -17"><span class='ocrx_word' id='word_1_222' title='bbox 144 2962 170 3014; x_wconf 90' lang='lat' dir='ltr'><strong>in</strong></span> <span class='ocrx_word' id='word_1_223' title='bbox 192 2961 340 3014; x_wconf 80' lang='lat' dir='ltr'><strong>Ruhnkenii</strong></span> <span class='ocrx_word' id='word_1_224' title='bbox 358 2965 522 3016; x_wconf 85' lang='lat' dir='ltr'><strong>coniectura:</strong></span> <span class='ocrx_word' id='word_1_225' title='bbox 546 2961 653 3019; x_wconf 69' lang='lat' dir='ltr'><strong>leniuit,</strong></span> <span class='ocrx_word' id='word_1_226' title='bbox 724 2970 750 3017; x_wconf 87' lang='grc'><strong>6.</strong></span> <span class='ocrx_word' id='word_1_227' title='bbox 769 2963 909 3016; x_wconf 80' lang='lat' dir='ltr'><strong>victoriam</strong></span> <span class='ocrx_word' id='word_1_228' title='bbox 933 2963 1007 3031; x_wconf 80' lang='lat' dir='ltr'><strong>dare]</strong></span> <span class='ocrx_word' id='word_1_229' title='bbox 1033 2967 1088 3019; x_wconf 71' lang='grc' dir='ltr'><strong>ΔΡ.</strong></span> <span class='ocrx_word' id='word_1_230' title='bbox 1113 2965 1203 3021; x_wconf 75' lang='lat' dir='ltr'><strong>victor</strong></span> 
     </span>
     <span class='ocr_line' id='line_1_30' title="bbox 143 3032 1204 3104; baseline 0.008 -22"><span class='ocrx_word' id='word_1_231' title='bbox 143 3051 225 3104; x_wconf 81' lang='lat' dir='ltr'><strong>quam</strong></span> <span class='ocrx_word' id='word_1_232' title='bbox 242 3041 274 3082; x_wconf 82' lang='lat' dir='ltr'><strong>ut</strong></span> <span class='ocrx_word' id='word_1_233' title='bbox 296 3032 325 3083; x_wconf 86' lang='lat' dir='ltr'><strong>in</strong></span> <span class='ocrx_word' id='word_1_234' title='bbox 344 3051 432 3084; x_wconf 84' lang='lat' dir='ltr'><strong>omnes</strong></span> <span class='ocrx_word' id='word_1_235' title='bbox 451 3043 546 3100; x_wconf 84' lang='lat' dir='ltr'><strong>portes</strong></span> <span class='ocrx_word' id='word_1_236' title='bbox 571 3051 655 3100; x_wconf 85' lang='lat' dir='ltr'><strong>prae·</strong></span> <span class='ocrx_word' id='word_1_237' title='bbox 688 3033 744 3084; x_wconf 84' lang='lat' dir='ltr'><strong>iam</strong></span> <span class='ocrx_word' id='word_1_238' title='bbox 760 3034 837 3085; x_wconf 83' lang='lat' dir='ltr'><strong>daret</strong></span> <span class='ocrx_word' id='word_1_239' title='bbox 855 3036 947 3087; x_wconf 87' lang='lat' dir='ltr'><strong>Burer.</strong></span> <span class='ocrx_word' id='word_1_240' title='bbox 967 3036 1001 3087; x_wconf 88' lang='lat' dir='ltr'><strong>R.</strong></span> <span class='ocrx_word' id='word_1_241' title='bbox 1020 3037 1106 3087; x_wconf 78' lang='lat' dir='ltr'><strong>victor</strong></span> <span class='ocrx_word' id='word_1_242' title='bbox 1120 3036 1204 3090; x_wconf 76' lang='lat' dir='ltr'><strong>daret</strong></span> 
     </span>
     <span class='ocr_line' id='line_1_31' title="bbox 143 3101 1202 3173; baseline 0.009 -21"><span class='ocrx_word' id='word_1_243' title='bbox 143 3101 466 3154; x_wconf 79' lang='lat' dir='ltr'><strong>conesclomantesPorce</strong></span> <span class='ocrx_word' id='word_1_244' title='bbox 482 3102 601 3153; x_wconf 83' lang='lat' dir='ltr'><strong>civibus!</strong></span> <span class='ocrx_word' id='word_1_245' title='bbox 622 3113 654 3153; x_wconf 87' lang='lat' dir='ltr'><strong>ut</strong></span> <span class='ocrx_word' id='word_1_246' title='bbox 690 3106 714 3156; x_wconf 93' lang='lat' dir='ltr'><strong>b.</strong></span> <span class='ocrx_word' id='word_1_247' title='bbox 742 3105 781 3167; x_wconf 89' lang='lat' dir='ltr'><strong>(In</strong></span> <span class='ocrx_word' id='word_1_248' title='bbox 809 3106 860 3159; x_wconf 87' lang='lat' dir='ltr'><strong>Ed.</strong></span> <span class='ocrx_word' id='word_1_249' title='bbox 892 3107 1007 3173; x_wconf 82' lang='lat' dir='ltr'><strong>prInprs</strong></span> <span class='ocrx_word' id='word_1_250' title='bbox 1038 3106 1106 3160; x_wconf 85' lang='lat' dir='ltr'><strong>hand</strong></span> <span class='ocrx_word' id='word_1_251' title='bbox 1127 3108 1202 3162; x_wconf 68' lang='lat' dir='ltr'><strong>hotta</strong></span> 
     </span>
     <span class='ocr_line' id='line_1_32' title="bbox 142 3171 1202 3242; baseline 0.008 -20"><span class='ocrx_word' id='word_1_252' title='bbox 142 3171 257 3222; x_wconf 85' lang='lat' dir='ltr'><strong>militari</strong></span> <span class='ocrx_word' id='word_1_253' title='bbox 274 3182 302 3222; x_wconf 82' lang='lat' dir='ltr'><strong>et</strong></span> <span class='ocrx_word' id='word_1_254' title='bbox 321 3173 397 3224; x_wconf 77' lang='lat' dir='ltr'><strong>verbo</strong></span> <span class='ocrx_word' id='word_1_255' title='bbox 416 3182 443 3221; x_wconf 84' lang='lat' dir='ltr'><strong>et</strong></span> <span class='ocrx_word' id='word_1_256' title='bbox 465 3173 654 3223; x_wconf 77' lang='lat' dir='ltr'><strong>consuetudine</strong></span> <span class='ocrx_word' id='word_1_257' title='bbox 690 3177 838 3228; x_wconf 86' lang='lat' dir='ltr'><strong>coniectura</strong></span> <span class='ocrx_word' id='word_1_258' title='bbox 856 3175 990 3228; x_wconf 72' lang='lat' dir='ltr'><strong>Rhenanis</strong></span> <span class='ocrx_word' id='word_1_259' title='bbox 1008 3178 1098 3242; x_wconf 78' lang='lat' dir='ltr'><strong>„Alias</strong></span> <span class='ocrx_word' id='word_1_260' title='bbox 1112 3177 1202 3231; x_wconf 78' lang='lat' dir='ltr'><strong>vieto-</strong></span> 
     </span>
     <span class='ocr_line' id='line_1_33' title="bbox 141 3241 1202 3319; baseline 0.009 -28"><span class='ocrx_word' id='word_1_261' title='bbox 141 3252 223 3306; x_wconf 79' lang='lat' dir='ltr'><strong>utar‚</strong></span> <span class='ocrx_word' id='word_1_262' title='bbox 238 3241 392 3294; x_wconf 78' lang='lat' dir='ltr'><strong>dimitteret.</strong></span> <span class='ocrx_word' id='word_1_263' title='bbox 418 3243 504 3294; x_wconf 86' lang='lat' dir='ltr'><strong>Recte</strong></span> <span class='ocrx_word' id='word_1_264' title='bbox 518 3258 654 3308; x_wconf 87' lang='lat' dir='ltr'><strong>esequen-</strong></span> <span class='ocrx_word' id='word_1_265' title='bbox 690 3262 732 3295; x_wconf 79' lang='lat' dir='ltr'><strong>res</strong></span> <span class='ocrx_word' id='word_1_266' title='bbox 751 3245 868 3296; x_wconf 56' lang='lat' dir='ltr'><strong>‹tarenta›</strong></span> <span class='ocrx_word' id='word_1_267' title='bbox 887 3262 1023 3314; x_wconf 84' lang='lat' dir='ltr'><strong>operarum</strong></span> <span class='ocrx_word' id='word_1_268' title='bbox 1042 3263 1131 3301; x_wconf 76' lang='lat' dir='ltr'><strong>estora</strong></span> <span class='ocrx_word' id='word_1_269' title='bbox 1149 3264 1202 3319; x_wconf 86' lang='lat' dir='ltr'><strong>ap-</strong></span> 
     </span>
     <span class='ocr_line' id='line_1_34' title="bbox 143 3311 1202 3387; baseline 0.008 -24"><span class='ocrx_word' id='word_1_270' title='bbox 143 3313 212 3363; x_wconf 89' lang='lat' dir='ltr'><strong>tibus</strong></span> <span class='ocrx_word' id='word_1_271' title='bbox 231 3312 338 3377; x_wconf 80' lang='lat' dir='ltr'><strong>collegit</strong></span> <span class='ocrx_word' id='word_1_272' title='bbox 355 3313 517 3364; x_wconf 85' lang='lat' dir='ltr'><strong>Burmannus</strong></span> <span class='ocrx_word' id='word_1_273' title='bbox 543 3311 584 3364; x_wconf 86' lang='lat' dir='ltr'><strong>hic</strong></span> <span class='ocrx_word' id='word_1_274' title='bbox 604 3314 654 3365; x_wconf 90' lang='lat' dir='ltr'><strong>iam</strong></span> <span class='ocrx_word' id='word_1_275' title='bbox 690 3316 774 3383; x_wconf 86' lang='lat' dir='ltr'><strong>posita</strong></span> <span class='ocrx_word' id='word_1_276' title='bbox 791 3324 832 3368; x_wconf 88' lang='lat' dir='ltr'><strong>est</strong></span> <span class='ocrx_word' id='word_1_277' title='bbox 866 3318 934 3371; x_wconf 86' lang='lat' dir='ltr'><strong>erbis</strong></span> <span class='ocrx_word' id='word_1_278' title='bbox 951 3334 1023 3384; x_wconf 87' lang='lat' dir='ltr'><strong>seqq.</strong></span> <span class='ocrx_word' id='word_1_279' title='bbox 1042 3320 1202 3387; x_wconf 83' lang='lat' dir='ltr'><strong>quosoomi·</strong></span> 
     </span>
     <span class='ocr_line' id='line_1_35' title="bbox 142 3333 1200 3458; baseline 0.008 -23"><span class='ocrx_word' id='word_1_280' title='bbox 142 3397 287 3435; x_wconf 87' lang='lat' dir='ltr'><strong>sermonem</strong></span> <span class='ocrx_word' id='word_1_281' title='bbox 305 3382 385 3434; x_wconf 81' lang='lat' dir='ltr'><strong>fuisse</strong></span> <span class='ocrx_word' id='word_1_282' title='bbox 404 3383 437 3433; x_wconf 88' lang='lat' dir='ltr'><strong>de</strong></span> <span class='ocrx_word' id='word_1_283' title='bbox 457 3383 556 3446; x_wconf 86' lang='lat' dir='ltr'><strong>Bruto,</strong></span> <span class='ocrx_word' id='word_1_284' title='bbox 581 3385 652 3448; x_wconf 89' lang='lat' dir='ltr'><strong>quod</strong></span> <span class='ocrx_word' id='word_1_285' title='bbox 692 3395 731 3435; x_wconf 78' lang='lat' dir='ltr'><strong>tes</strong></span> <span class='ocrx_word' id='word_1_286' title='bbox 747 3386 772 3434; x_wconf 83' lang='lat' dir='ltr'><strong>ei</strong></span> <span class='ocrx_word' id='word_1_287' title='bbox 780 3333 901 3455; x_wconf 38' lang='lat' dir='ltr'><strong>fortssa</strong></span> <span class='ocrx_word' id='word_1_288' title='bbox 911 3398 1118 3458; x_wconf 76' lang='lat' dir='ltr'><strong>aggregaverat.</strong></span> <span class='ocrx_word' id='word_1_289' title='bbox 1136 3390 1200 3445; x_wconf 86' lang='lat' dir='ltr'><strong>Hoc</strong></span> 
     </span>
     <span class='ocr_line' id='line_1_36' title="bbox 141 3452 1201 3527; baseline 0.007 -22"><span class='ocrx_word' id='word_1_290' title='bbox 141 3469 235 3506; x_wconf 90' lang='lat' dir='ltr'><strong>nomen</strong></span> <span class='ocrx_word' id='word_1_291' title='bbox 254 3453 334 3504; x_wconf 87' lang='lat' dir='ltr'><strong>latere</strong></span> <span class='ocrx_word' id='word_1_292' title='bbox 359 3453 460 3504; x_wconf 84' lang='lat' dir='ltr'><strong>videtur</strong></span> <span class='ocrx_word' id='word_1_293' title='bbox 479 3454 504 3504; x_wconf 92' lang='lat' dir='ltr'><strong>in</strong></span> <span class='ocrx_word' id='word_1_294' title='bbox 522 3469 545 3504; x_wconf 85' lang='lat' dir='ltr'><strong>v.</strong></span> <span class='ocrx_word' id='word_1_295' title='bbox 564 3452 652 3506; x_wconf 77' lang='lat' dir='ltr'><strong>uerbo.</strong></span> <span class='ocrx_word' id='word_1_296' title='bbox 687 3462 773 3507; x_wconf 86' lang='lat' dir='ltr'><strong>autem</strong></span> <span class='ocrx_word' id='word_1_297' title='bbox 785 3473 860 3509; x_wconf 86' lang='lat' dir='ltr'><strong>casos</strong></span> <span class='ocrx_word' id='word_1_298' title='bbox 873 3459 984 3510; x_wconf 86' lang='lat' dir='ltr'><strong>ludibrio</strong></span> <span class='ocrx_word' id='word_1_299' title='bbox 996 3459 1121 3527; x_wconf 86' lang='lat' dir='ltr'><strong>deceptus</strong></span> <span class='ocrx_word' id='word_1_300' title='bbox 1135 3460 1201 3514; x_wconf 83' lang='lat' dir='ltr'><strong>Sal·</strong></span> 
     </span>
     <span class='ocr_line' id='line_1_37' title="bbox 141 3523 1199 3599; baseline 0.007 -22"><span class='ocrx_word' id='word_1_301' title='bbox 141 3527 240 3577; x_wconf 84' lang='lat' dir='ltr'><strong>Sensus</strong></span> <span class='ocrx_word' id='word_1_302' title='bbox 254 3530 535 3589; x_wconf 84' lang='lat' dir='ltr'><strong>autcm,quaecunqus</strong></span> <span class='ocrx_word' id='word_1_303' title='bbox 547 3523 606 3575; x_wconf 88' lang='lat' dir='ltr'><strong>dem</strong></span> <span class='ocrx_word' id='word_1_304' title='bbox 625 3582 629 3587; x_wconf 60' lang='grc'><strong>,</strong></span> <span class='ocrx_word' id='word_1_305' title='bbox 686 3528 782 3578; x_wconf 81' lang='lat' dir='ltr'><strong>nasius</strong></span> <span class='ocrx_word' id='word_1_306' title='bbox 794 3533 833 3579; x_wconf 84' lang='lat' dir='ltr'><strong>&#39;co</strong></span> <span class='ocrx_word' id='word_1_307' title='bbox 857 3529 983 3581; x_wconf 87' lang='lat' dir='ltr'><strong>deductos</strong></span> <span class='ocrx_word' id='word_1_308' title='bbox 1002 3535 1055 3585; x_wconf 81' lang='lat' dir='ltr'><strong>est,</strong></span> <span class='ocrx_word' id='word_1_309' title='bbox 1080 3537 1110 3582; x_wconf 87' lang='lat' dir='ltr'><strong>ut</strong></span> <span class='ocrx_word' id='word_1_310' title='bbox 1133 3547 1199 3599; x_wconf 88' lang='lat' dir='ltr'><strong>pro-</strong></span> 
     </span>
     <span class='ocr_line' id='line_1_38' title="bbox 140 3592 1231 3667; baseline 0.003 -18"><span class='ocrx_word' id='word_1_311' title='bbox 140 3596 235 3649; x_wconf 88' lang='lat' dir='ltr'><strong>Velleii</strong></span> <span class='ocrx_word' id='word_1_312' title='bbox 254 3596 333 3664; x_wconf 86' lang='lat' dir='ltr'><strong>ipsius</strong></span> <span class='ocrx_word' id='word_1_313' title='bbox 353 3595 432 3648; x_wconf 89' lang='lat' dir='ltr'><strong>verba</strong></span> <span class='ocrx_word' id='word_1_314' title='bbox 459 3594 577 3658; x_wconf 85' lang='lat' dir='ltr'><strong>fuerunt,</strong></span> <span class='ocrx_word' id='word_1_315' title='bbox 600 3592 626 3645; x_wconf 88' lang='lat' dir='ltr'><strong>Iti</strong></span> <span class='ocrx_word' id='word_1_316' title='bbox 686 3606 808 3664; x_wconf 84' lang='lat' dir='ltr'><strong>poneret:</strong></span> <span class='ocrx_word' id='word_1_317' title='bbox 828 3617 908 3667; x_wconf 83' lang='lat' dir='ltr'><strong>quos,</strong></span> <span class='ocrx_word' id='word_1_318' title='bbox 923 3600 1036 3651; x_wconf 79' lang='lat' dir='ltr'><strong>utvicto</strong></span> <span class='ocrx_word' id='word_1_319' title='bbox 1052 3609 1199 3657; x_wconf 76' lang='lat' dir='ltr'><strong>restarent,</strong></span> <span class='ocrx_word' id='word_1_320' title='bbox 1228 3662 1231 3667; x_wconf 39' lang='grc'><strong>,</strong></span> 
     </span>
     <span class='ocr_line' id='line_1_39' title="bbox 140 3665 1199 3740; baseline 0.004 -23"><span class='ocrx_word' id='word_1_321' title='bbox 140 3667 295 3733; x_wconf 74' lang='lat' dir='ltr'><strong>mopinot,</strong></span> <span class='ocrx_word' id='word_1_322' title='bbox 314 3666 376 3717; x_wconf 79' lang='lat' dir='ltr'><strong>tun:</strong></span> <span class='ocrx_word' id='word_1_323' title='bbox 400 3672 447 3729; x_wconf 87' lang='lat' dir='ltr'><strong>„ut</strong></span> <span class='ocrx_word' id='word_1_324' title='bbox 465 3682 480 3716; x_wconf 80' lang='lat' dir='ltr'><strong>a</strong></span> <span class='ocrx_word' id='word_1_325' title='bbox 498 3667 579 3717; x_wconf 81' lang='lat' dir='ltr'><strong>utilite</strong></span> <span class='ocrx_word' id='word_1_326' title='bbox 597 3665 650 3717; x_wconf 77' lang='lat' dir='ltr'><strong>tila</strong></span> <span class='ocrx_word' id='word_1_327' title='bbox 686 3667 792 3719; x_wconf 83' lang='lat' dir='ltr'><strong>comites</strong></span> <span class='ocrx_word' id='word_1_328' title='bbox 807 3669 928 3738; x_wconf 83' lang='lat' dir='ltr'><strong>fortuna</strong></span> <span class='ocrx_word' id='word_1_329' title='bbox 941 3669 965 3718; x_wconf 88' lang='lat' dir='ltr'><strong>ei</strong></span> <span class='ocrx_word' id='word_1_330' title='bbox 978 3674 1199 3740; x_wconf 76' lang='lat' dir='ltr'><strong>aggregaverat.)</strong></span> 
     </span>
     <span class='ocr_line' id='line_1_40' title="bbox 140 3737 1196 3812; baseline 0.007 -24"><span class='ocrx_word' id='word_1_331' title='bbox 140 3737 179 3788; x_wconf 84' lang='lat' dir='ltr'><strong>nt.</strong></span> <span class='ocrx_word' id='word_1_332' title='bbox 199 3738 280 3787; x_wconf 85' lang='lat' dir='ltr'><strong>Bruto</strong></span> <span class='ocrx_word' id='word_1_333' title='bbox 299 3742 326 3787; x_wconf 92' lang='lat' dir='ltr'><strong>et</strong></span> <span class='ocrx_word' id='word_1_334' title='bbox 339 3737 439 3787; x_wconf 87' lang='lat' dir='ltr'><strong>civibus</strong></span> <span class='ocrx_word' id='word_1_335' title='bbox 452 3737 570 3788; x_wconf 85' lang='lat' dir='ltr'><strong>omuibus</strong></span> <span class='ocrx_word' id='word_1_336' title='bbox 585 3752 650 3803; x_wconf 82' lang='lat' dir='ltr'><strong>oon·</strong></span> <span class='ocrx_word' id='word_1_337' title='bbox 719 3744 746 3789; x_wconf 84' lang='grc'><strong>8.</strong></span> <span class='ocrx_word' id='word_1_338' title='bbox 764 3739 908 3809; x_wconf 82' lang='lat' dir='ltr'><strong>Sextoque]</strong></span> <span class='ocrx_word' id='word_1_339' title='bbox 925 3741 1001 3792; x_wconf 81' lang='lat' dir='ltr'><strong>Abn.</strong></span> <span class='ocrx_word' id='word_1_340' title='bbox 1023 3749 1150 3812; x_wconf 77' lang='lat' dir='ltr'><strong>sextoque</strong></span> <span class='ocrx_word' id='word_1_341' title='bbox 1163 3743 1196 3795; x_wconf 87' lang='lat' dir='ltr'><strong>P.</strong></span> 
     </span>
    </p>
   </div>
   <div class='ocr_carea' id='block_1_5' title="bbox 140 3805 1064 3896">
    <p class='ocr_par' dir='ltr' id='par_1_13' title="bbox 140 3805 1064 3896">
     <span class='ocr_line' id='line_1_41' title="bbox 140 3805 1064 3896; baseline 0.016 -32"><span class='ocrx_word' id='word_1_342' title='bbox 140 3805 301 3859; x_wconf 64' lang='lat' dir='ltr'><strong>cederelssf·”</strong></span> <span class='ocrx_word' id='word_1_343' title='bbox 720 3830 763 3878; x_wconf 89' lang='lat' dir='ltr'><strong>lo.</strong></span> <span class='ocrx_word' id='word_1_344' title='bbox 783 3825 845 3896; x_wconf 83' lang='lat' dir='ltr'><strong>quo]</strong></span> <span class='ocrx_word' id='word_1_345' title='bbox 865 3827 918 3878; x_wconf 82' lang='grc' dir='ltr'><strong>ΔΡ.</strong></span> <span class='ocrx_word' id='word_1_346' title='bbox 939 3845 993 3896; x_wconf 83' lang='lat' dir='ltr'><strong>qua</strong></span> <span class='ocrx_word' id='word_1_347' title='bbox 1011 3827 1064 3879; x_wconf 72' lang='lat' dir='ltr'><strong>bn„</strong></span> 
     </span>
    </p>
   </div>
   <div class='ocr_carea' id='block_1_6' title="bbox 174 3874 1196 4010">
    <p class='ocr_par' dir='ltr' id='par_1_14' title="bbox 174 3874 1196 4010">
     <span class='ocr_line' id='line_1_42' title="bbox 174 3874 1196 4010; baseline 0.02 -59"><span class='ocrx_word' id='word_1_348' title='bbox 174 3882 200 3997; x_wconf 56' lang='grc' dir='ltr'><strong>ὲ·</strong></span> <span class='ocrx_word' id='word_1_349' title='bbox 215 3876 348 4010; x_wconf 38' lang='lat' dir='ltr'><strong>wildorff]</strong></span> <span class='ocrx_word' id='word_1_350' title='bbox 363 3892 413 3999; x_wconf 47' lang='lat'><strong>111⁰</strong></span> <span class='ocrx_word' id='word_1_351' title='bbox 431 3874 557 3995; x_wconf 43' lang='lat' dir='ltr'><strong>limium</strong></span> <span class='ocrx_word' id='word_1_352' title='bbox 583 3962 648 3995; x_wconf 55' lang='lat' dir='ltr'><strong>sm</strong></span> <span class='ocrx_word' id='word_1_353' title='bbox 719 3917 762 3967; x_wconf 83' lang='lat'><strong>12.</strong></span> <span class='ocrx_word' id='word_1_354' title='bbox 770 3913 1003 3980; x_wconf 62' lang='lat' dir='ltr'><strong>Ptolomaeippb.</strong></span> <span class='ocrx_word' id='word_1_355' title='bbox 1012 3913 1196 3970; x_wconf 78' lang='lat' dir='ltr'><strong>PtolemastR.</strong></span> 
     </span>
    </p>
   </div>
   <div class='ocr_carea' id='block_1_7' title="bbox 137 4003 1195 4212">
    <p class='ocr_par' dir='ltr' id='par_1_15' title="bbox 137 4003 1195 4212">
     <span class='ocr_line' id='line_1_43' title="bbox 137 4003 1195 4079; baseline 0.002 -12"><span class='ocrx_word' id='word_1_356' title='bbox 137 4017 213 4067; x_wconf 76' lang='lat' dir='ltr'><strong>Pan.</strong></span> <span class='ocrx_word' id='word_1_357' title='bbox 239 4018 289 4067; x_wconf 87' lang='lat' dir='ltr'><strong>Hic</strong></span> <span class='ocrx_word' id='word_1_358' title='bbox 308 4032 395 4067; x_wconf 85' lang='lat' dir='ltr'><strong>rursus</strong></span> <span class='ocrx_word' id='word_1_359' title='bbox 411 4015 546 4079; x_wconf 83' lang='lat' dir='ltr'><strong>nescimus,</strong></span> <span class='ocrx_word' id='word_1_360' title='bbox 563 4023 648 4067; x_wconf 87' lang='lat' dir='ltr'><strong>utrum</strong></span> <span class='ocrx_word' id='word_1_361' title='bbox 719 4004 762 4052; x_wconf 81' lang='lat'><strong>19·</strong></span> <span class='ocrx_word' id='word_1_362' title='bbox 781 4003 913 4068; x_wconf 64' lang='lat' dir='ltr'><strong>⁶⁰⁶P⁶s⁰il</strong></span> <span class='ocrx_word' id='word_1_363' title='bbox 933 4006 964 4053; x_wconf 75' lang='grc' dir='ltr'><strong>Ᾱ·</strong></span> <span class='ocrx_word' id='word_1_364' title='bbox 992 4012 1097 4069; x_wconf 57' lang='lat' dir='ltr'><strong>“Penii</strong></span> <span class='ocrx_word' id='word_1_365' title='bbox 1116 4003 1195 4058; x_wconf 72' lang='lat' dir='ltr'><strong>PbR·</strong></span> 
     </span>
     <span class='ocr_line' id='line_1_44' title="bbox 139 4085 1194 4153; baseline 0.005 -15"><span class='ocrx_word' id='word_1_366' title='bbox 139 4085 322 4138; x_wconf 80' lang='lat' dir='ltr'><strong>Anterbacltius</strong></span> <span class='ocrx_word' id='word_1_367' title='bbox 349 4102 411 4138; x_wconf 72' lang='lat' dir='ltr'><strong>casu</strong></span> <span class='ocrx_word' id='word_1_368' title='bbox 434 4085 551 4137; x_wconf 77' lang='lat' dir='ltr'><strong>omiserit</strong></span> <span class='ocrx_word' id='word_1_369' title='bbox 572 4104 647 4151; x_wconf 79' lang='lat' dir='ltr'><strong>suae,</strong></span> <span class='ocrx_word' id='word_1_370' title='bbox 722 4091 763 4140; x_wconf 88' lang='grc'><strong>19.</strong></span> <span class='ocrx_word' id='word_1_371' title='bbox 774 4087 917 4153; x_wconf 79' lang='lat' dir='ltr'><strong>Acln&#39;lr&#39;]B.</strong></span> <span class='ocrx_word' id='word_1_372' title='bbox 929 4088 1194 4143; x_wconf 70' lang='lat' dir='ltr'><strong>Achillast.Aalsi</strong></span> 
     </span>
     <span class='ocr_line' id='line_1_45' title="bbox 138 4153 889 4212; baseline 0.001 -2"><span class='ocrx_word' id='word_1_373' title='bbox 138 4173 169 4210; x_wconf 87' lang='lat' dir='ltr'><strong>an</strong></span> <span class='ocrx_word' id='word_1_374' title='bbox 203 4153 343 4209; x_wconf 77' lang='lat' dir='ltr'><strong>thsnauus</strong></span> <span class='ocrx_word' id='word_1_375' title='bbox 380 4157 523 4212; x_wconf 87' lang='lat' dir='ltr'><strong>inculcarit.</strong></span> <span class='ocrx_word' id='word_1_376' title='bbox 577 4157 647 4210; x_wconf 88' lang='lat' dir='ltr'><strong>Sane</strong></span> <span class='ocrx_word' id='word_1_377' title='bbox 682 4159 714 4212; x_wconf 82' lang='lat' dir='ltr'><strong>A.</strong></span> <span class='ocrx_word' id='word_1_378' title='bbox 734 4157 838 4211; x_wconf 78' lang='lat' dir='ltr'><strong>Achilli</strong></span> <span class='ocrx_word' id='word_1_379' title='bbox 855 4159 889 4211; x_wconf 83' lang='lat' dir='ltr'><strong>R.</strong></span> 
     </span>
    </p>
   </div>
   <div class='ocr_carea' id='block_1_8' title="bbox 0 0 1272 4590">
    <p class='ocr_par' dir='ltr' id='par_1_16' title="bbox 0 0 1272 4590">
     <span class='ocr_line' id='line_1_46' title="bbox 0 0 1272 4590; baseline 0 4"><span class='ocrx_word' id='word_1_380' title='bbox 0 0 1272 4590; x_wconf 95' lang='lat' dir='ltr'><strong> </strong></span> 
     </span>
    </p>
   </div>
  </div>
 </body>
</html>
