2564 4590
551 179 828 255 ..tls-

165 403 239 444 num
260 383 294 443 in
316 378 426 444 iisdem
447 373 617 459 provinciis
638 372 772 453 graviter
794 372 865 434 tulit
890 367 1024 446 ciuitas,⁴
1037 368 1147 446 virum
1167 366 1219 429 de·
1268 422 1271 453 ,

132 483 319 549 2merendis
343 482 523 546 hominibus
543 480 690 561 genitum.
733 474 912 537 Armeniam
937 469 1051 535 deinde
1063 471 1220 550 ingressus

163 588 265 669 prima
285 600 373 667 parte
394 584 541 647 introitus
562 601 714 663 prospere
736 580 838 659 gessit.
860 598 935 639 mox
951 577 985 636 in
1005 573 1221 655 conloquium,
1269 634 1271 675 Ι

165 691 216 754 cui
237 710 269 750 se
290 702 406 750 temere
430 685 621 760 crediderat,
643 684 724 744 circa
744 684 929 761 Artageram
949 677 1086 758 graviter
1109 697 1130 736 a
1145 696 1221 758 quo·

166 790 238 853 dam
261 791 388 852 nomine
409 788 523 852 Adduo
552 788 733 852 volneratus
746 827 755 861 ,
789 805 888 846 exeo
913 795 949 842 ut
971 801 1087 871 corpus
1120 780 1236 841 urinuu

166 894 287 969 habile,
311 893 354 952 ita
376 891 514 951 animum
540 890 644 951 minus
675 888 783 948 utilem
809 886 933 966 reipub.
964 884 1084 944 habere
1116 882 1226 963 coepit.

134 995 232 1063 aNec
255 993 355 1054 defuit
382 993 577 1054 conversatio
606 990 770 1053 hominum
800 989 877 1051 vitia
911 987 977 1047 eius
1008 982 1225 1047 adsentatione

167 1096 325 1158 alentium.
366 1094 490 1155 Etenim
511 1115 634 1175 semper
661 1113 788 1172 magnae
822 1093 966 1153 fortunae
999 1108 1105 1149 comes
1142 1085 1227 1148 adest

168 1197 314 1273 adulatio,
337 1218 394 1276 per
416 1217 495 1277 quae
518 1217 555 1259 eo
579 1195 689 1256 ductus
713 1204 788 1271 erat,
809 1192 898 1254 utin
925 1190 1035 1252 ultimo
1059 1213 1095 1251 ac
1122 1211 1226 1252 remo·

167 1301 287 1362 tissime
310 1311 462 1359 terrarum
486 1300 571 1361 orbis
594 1300 708 1377 angulo
730 1314 950 1357 consenescere
978 1314 1073 1375 quam
1091 1293 1254 1354 Romamn

167 1398 290 1479 regredi
311 1401 427 1460 mallet.
478 1400 543 1459 Diu
566 1398 604 1459 de
635 1419 670 1459 re
698 1398 834 1457 luctatus
856 1396 1035 1477 invitusque
1064 1408 1227 1458 revertens

167 1503 202 1560 in
222 1500 343 1560 Italiam
363 1502 398 1559 in
421 1502 499 1560 urbe
520 1500 636 1580 Lyciae
658 1493 800 1581 (Lymira
831 1494 1007 1578 nominant)
1031 1501 1150 1560 morbo
1173 1501 1228 1559 ob-

167 1601 221 1675 iit,
243 1620 340 1681 quom
361 1613 433 1662 ante
456 1622 571 1662 annum
594 1602 692 1661 ferme
715 1601 1007 1682 quinquagesimum
1028 1601 1150 1664 Caesar
1166 1603 1230 1664 fra·

85 1740 89 1747 ·
167 1714 217 1762 ter
240 1702 306 1763 eius
326 1702 493 1792 Hispanias
514 1717 623 1783 petens
647 1703 804 1762 Massiliae
826 1701 1013 1765 decessisset.

135 1810 152 1860 l
257 1801 338 1866 Clll.
379 1804 442 1866 Sed
474 1806 618 1883 fortuna,
658 1826 738 1886 quae
773 1802 967 1866 subduxerat
1003 1824 1092 1884 spem
1123 1802 1260 1883 magnitt

150 1931 153 1937 ·
169 1907 322 1983 nominis,
344 1906 407 1966 iam
421 1920 487 1968 tum
504 1909 627 1987 reipub.
650 1929 706 1968 sua
724 1906 879 1987 praesidia
896 1905 1086 1967 reddiderat.
1109 1906 1230 1987 quippo

171 2021 243 2069 ante
264 2010 428 2091 utriusque
456 2011 570 2071 horum
594 2011 714 2071 obitum
736 2021 825 2089 patre
849 2021 905 2070 tuo
931 2009 967 2069 P.
987 2008 1117 2070 Vinicio
1141 2005 1231 2071 008.

171 2111 209 2179 T.
229 2110 317 2172 Nero
344 2131 489 2172 reversus
517 2109 632 2172 Rhodo
668 2110 846 2171 incredibili
875 2111 991 2171 laetitia
1021 2110 1163 2191 patriam
1182 2129 1233 2170 re·

137 2216 319 2302 2pleverat.
363 2214 437 2275 Non
460 2226 507 2275 est
531 2212 585 2274 diu
606 2225 767 2274 cunctatus
788 2211 902 2274 Caesar
922 2213 1102 2292 Augustus3
1126 2232 1232 2294 neque

172 2316 255 2374 enim
278 2315 474 2396 quaerendus
498 2328 581 2392 erat,
606 2338 699 2398 quem
729 2317 862 2394 legerat,
895 2314 948 2376 sed
973 2313 1144 2393 legendus,
1177 2316 1266 2396 quito

141 2417 340 2478 contuebar.
387 2416 494 2499 Itaque
529 2417 616 2500 quod
648 2429 719 2498 post
742 2418 780 2480 L.
806 2424 939 2479 mortem
969 2416 1070 2479 adhuc
1098 2416 1136 2479 C.
1160 2419 1234 2480 vivo

173 2517 275 2579 facere
299 2518 441 2579 voluerat
469 2540 549 2599 quae
578 2540 615 2582 eo
645 2521 847 2583 vehementer
875 2530 1071 2599 repugnante
1102 2517 1236 2583 Nerone

174 2630 240 2678 erat
258 2619 427 2694 inhibitus,
448 2633 521 2700 post
543 2623 706 2703 utriusque
727 2621 972 2683 adulescentium
989 2622 1110 2683 obitum
1128 2622 1236 2685 facere

173 2722 398 2802 perseveravit,
423 2735 457 2782 ut
479 2736 509 2784 et
529 2725 711 2785 tribunitiae
732 2726 891 2805 potestatis
913 2724 1149 2785 consortionem
1167 2724 1235 2786 Ne·

173 2825 244 2884 roni
267 2826 482 2903 constitueret,
507 2828 641 2888 multum
672 2826 799 2908 quidem
827 2848 865 2888 eo
899 2847 970 2887 cum
992 2824 1077 2888 domi
1107 2839 1178 2895 tuns
1200 2828 1269 2889 ints

243 2995 269 3044 2.
287 2989 381 3044 deinde
400 2993 481 3046 Gaius
499 2996 630 3061 ingressus
656 3000 682 3046 3.
702 3010 825 3064 prospere
839 3010 892 3046 rem
904 2995 986 3059 gessit
1010 2997 1035 3045 3,
1050 2993 1077 3044 in
1092 2993 1238 3060 conloquio

173 3066 198 3116 A·
218 3063 348 3127 Attagera
384 3069 410 3116 9.
429 3081 461 3115 eo
479 3065 606 3117 deductus
645 3072 686 3119 lt.
706 3068 756 3118 Diu
774 3066 867 3118 deinde
884 3066 1026 3116 reluctatus
1063 3067 1105 3115 12.
1125 3065 1235 3130 limyra

174 3137 216 3186 13.
236 3133 317 3185 ferme
335 3134 366 3186 L.
387 3135 483 3187 Caesar
529 3141 569 3189 ts.
588 3137 631 3188 Ti.
673 3139 837 3204 sategerat
879 3139 922 3187 22.
952 3137 1069 3187 voluerat
1096 3140 1178 3201 atque
1201 3151 1236 3188 eo

208 3261 234 3311 2.
254 3257 402 3327 ingressus]
419 3261 518 3314 APbR.
535 3260 619 3311 Gaius
633 3261 684 3328 (0.)
757 3265 799 3314 12.
820 3262 943 3332 Lymira]
959 3263 989 3313 B.
1009 3261 1122 3332 Limyra
1134 3263 1173 3317 R.
1188 3262 1240 3313 Li-

177 3328 314 3396 ingressus
332 3329 442 3381 Kreuse.
721 3331 789 3383 mira
809 3336 840 3387 A.
857 3334 997 3401 Limyram
1015 3334 1063 3385 Pb.

208 3403 235 3450 3.
249 3400 385 3466 prospere]
395 3401 493 3453 APbR.
498 3417 622 3470 prospere
631 3418 685 3452 rem
757 3424 799 3473 ῃ),Ι
816 3421 904 3490 quom]
914 3422 945 3472 p,
958 3420 1020 3491 (quo
1033 3422 1075 3486 A]
1091 3437 1177 3489 quum
1184 3421 1239 3475 AR,

174 3468 480 3610 Heliilddddoquium]AP.
488 3541 625 3611 conloquio
633 3542 684 3594 bR.
721 3507 1238 3631 nlgfflqgffmmCWJAP'

209 3614 235 3662 4.
248 3611 425 3682 Artageram]
436 3614 534 3666 APbR.
545 3615 686 3684 Artagera
905 3665 910 3675 ,
927 3665 931 3676 ,
1218 3664 1225 3676 ,

174 3682 305 3735 Muretus.
760 3669 801 3717 14.
820 3665 975 3733 Maeoticae]
1001 3665 1241 3753 ABbkffdlassr·

210 3757 235 3804 s.
254 3752 312 3803 nur
330 3769 414 3803 com..
428 3763 468 3804 eu
482 3754 560 3807 usses
578 3757 622 3820 u,
641 3761 683 3807 u·
722 3735 761 3786 u..
778 3737 810 3787 P·
962 3807 966 3816 ,

174 3839 233 3876 meu
252 3830 316 3890 puto
335 3822 360 3874 iu
382 3823 447 3875 Cod.
466 3826 584 3878 Murbsc.
604 3826 684 3878 tuisse
756 3810 798 3857 ¹⁸·
819 3804 862 3871 φ’]
881 3807 912 3861 Α·
934 3808 974 3859 T¹·
991 3807 1067 3860 ΡΜ·

175 3894 251 3944 adest
277 3893 352 3944 Pblt.
757 3897 802 3945 20.
819 3892 935 3962 legerat]
953 3895 985 3946 B.
1017 3894 1118 3965 legeret
1136 3895 1241 3950 thlt.

211 3968 236 4014 9.
256 3961 364 4029 ductus]
382 3961 480 4018 APuR.
506 3961 635 4014 deductus
653 3965 687 4015 Ο.
758 3967 803 4019 22.
823 3963 948 4016 voluerut
967 3983 1036 4036 quas
1055 3983 1084 4016 eo
1098 3965 1241 4018 vetamen-

212 4037 255 4082 11.
275 4034 330 4082 Diu
347 4032 377 4081 de
395 4028 571 4099 reluctatus]
587 4037 617 4085 A.
632 4035 688 4084 Diu
726 4034 778 4099 ter]
798 4035 827 4085 A.
847 4033 971 4085 voluerat
996 4046 1081 4107 atque
1103 4054 1134 4087 eo
1157 4038 1244 4088 relte-

176 4100 268 4151 deiude
286 4102 436 4153 reluctatus
459 4103 560 4157 Rotam.
587 4103 690 4155 Deinde
728 4113 828 4153 metuet
846 4106 879 4156 0.
909 4106 1030 4157 voluerat
1049 4116 1133 4176 atque
1158 4109 1243 4161 velta·

175 4171 326 4225 reluctatus
345 4173 418 4226 rutt.
729 4183 829 4225 nterrter
848 4176 923 4229 Pbtt.
1131 4192 1135 4197 '
