2536 4590
511 157 790 235 -tst..

103 339 298 427 Noninnno
319 342 434 407 cuncti.
460 341 616 425 praesidia
637 347 810 414 habebatis.
860 349 973 436 Neque
996 355 1175 420 mortalium
1220 353 1223 361 ’

108 444 292 526 qnisquam
314 442 389 506 dare
412 446 664 527 auteriperetalia
684 471 767 513 unus
786 462 920 533 poterat.
961 455 1040 538 Itaq.
1060 459 1176 520 verbo·

104 546 288 608 rumsatis
311 544 503 610 dictumest.
547 547 745 630 Neqneenim
775 554 951 632 ignorantia
979 576 1030 618 res
1059 555 1175 618 claudit

106 666 231 708 verum
261 648 434 727 occupavit.
487 647 724 733 Nescioquavos
754 653 886 735 torpedo
920 676 1049 741 quanon
1074 658 1174 735 gloria

107 748 289 812 movemini
308 749 423 832 Neque
444 749 560 829 flagitio
589 767 761 837 cunctaque
782 758 940 837 praesenti
959 757 1083 834 ignavia
1102 766 1193 818 mu·⁵

107 847 239 911 tavistis
259 849 383 911 abunde
407 850 583 913 libertatem
612 855 673 916 rati
706 857 781 936 quia
810 859 904 936 tergis
940 859 1121 920 abstinetur.
1142 872 1174 921 et

108 949 299 1012 ltu'cirelicet
318 964 412 1033 atque
432 952 507 1012 illuc
526 954 769 1017 muncraditium
784 955 984 1019 dominorum
1002 960 1172 1040 atquehaec

112 1049 230 1112 eadam
250 1049 325 1112 Non
346 1064 419 1112 sunt
440 1052 623 1130 agrestibus.
665 1052 728 1115 Sed
748 1055 922 1118 caeduntur
944 1059 1029 1119 inter
1052 1068 1171 1138 poten-

109 1151 198 1212 tium
207 1149 386 1212 inimicitiae
403 1151 486 1214 dono
511 1149 689 1233 quodantur
704 1154 916 1234 inprovincias
932 1159 1171 1236 magistratibus.

109 1251 160 1311 ita
181 1263 339 1330 pugnatur
359 1249 390 1313 et
409 1253 545 1315 vincitur
568 1254 675 1331 paucis
695 1255 802 1334 plebes
823 1253 911 1336 quod
934 1276 1037 1338 eumq.
1060 1257 1170 1321 accidit
1178 1272 1205 1309 10

109 1352 266 1433 provictia
283 1366 328 1415 est
345 1363 377 1414 et
388 1353 488 1414 indies
506 1355 603 1432 magis
621 1357 680 1415 erit
706 1353 859 1437 siquidem
883 1355 1002 1416 maiore
1021 1377 1096 1417 cura
1111 1355 1169 1418 do·

48 1456 59 1469 ‘
109 1453 320 1516 minationem
334 1454 568 1520 itliretinuerint
582 1475 745 1542 quamtus
762 1456 968 1543 repetiveritis
983 1453 1169 1520 libertatem.

158 1680 416 1785 Erlstttna
444 1681 516 1746 GN.
547 1680 741 1747 POMPEI
772 1684 838 1746 AD
867 1683 1115 1749 SENATUM.

73 1841 92 1891 1
203 1823 238 1887 si
256 1821 404 1888 adversus
424 1842 481 1884 vos
504 1823 671 1905 patriamq.
690 1823 818 1890 ettleos
840 1823 962 1906 penatis
980 1836 1028 1886 tot
1041 1826 1166 1885 labores

87 1938 146 1989 et
177 1927 317 2009 pericula
355 1923 558 2006 suscepissem
593 1926 738 2006 quotiens
772 1947 791 1986 a
821 1925 924 2006 prima
956 1923 1201 1985 adulescentiam

108 2025 210 2088 ductu
227 2047 298 2095 meo
321 2026 526 2089 scelestissimi
550 2027 655 2087 hostes
676 2027 749 2091 fusi.
780 2038 810 2090 et
832 2027 922 2089 vobis
954 2027 1038 2088 salus
1070 2045 1167 2110 quae-

108 2127 174 2190 sita
193 2137 249 2190 est.
290 2126 379 2189 Nihil
399 2127 532 2209 amplius
553 2125 747 2190 inabsentem
775 2148 825 2188 me
857 2127 1040 2188 statuissetis
1072 2147 1167 2207 quam

107 2223 216 2287 adhuc
248 2227 337 2304 agitis
365 2227 408 2288 .P.
431 2226 466 2288 C.
496 2247 591 2308 quem
620 2239 730 2292 contra
762 2238 894 2287 aetatem
921 2226 1095 2306 proiectum
1126 2224 1167 2286 ad

108 2328 232 2388 bellum
252 2327 466 2390 saevissimum
484 2347 555 2386 cum
576 2326 716 2390 exercitu
739 2327 856 2409 optime
876 2326 988 2388 merito
1011 2336 1165 2407 quantum

109 2429 216 2491 estin
243 2428 345 2492 vobis.
371 2428 455 2491 fame
486 2427 661 2492 miserrima
695 2430 836 2490 omnium
861 2438 962 2488 morte
988 2426 1163 2488 confecistis
1171 2445 1200 2485 so

108 2533 171 2592 hac
192 2528 281 2608 inspe
302 2530 346 2590 .P.
365 2529 403 2589 R.
424 2529 540 2591 liberos
564 2550 638 2594 suos
660 2528 699 2592 ad
720 2531 838 2592 bellum
861 2527 956 2591 misit.
983 2527 1060 2591 haec
1091 2539 1164 2587 sunt

107 2631 252 2713 praemia
272 2651 332 2713 pro
353 2631 534 2693 volneribus
556 2645 587 2692 et
605 2632 720 2692 totiens
733 2633 775 2690 ob
797 2649 898 2709 remp.
914 2627 986 2687 fuso
1003 2626 1164 2703 sanguine.

72 2736 214 2803 zfessus
235 2729 400 2794 scribendo
420 2730 635 2814 mittendoque
655 2732 772 2808 legatos
803 2728 904 2792 omnis
933 2746 1008 2806 opes
1037 2737 1068 2786 et
1093 2744 1164 2803 spes

106 2833 250 2916 privatas
270 2851 355 2893 meas
379 2833 537 2896 consumti
557 2854 628 2894 cum
647 2830 772 2892 interim
796 2828 905 2892 avobis
921 2847 980 2906 per
994 2826 1163 2886 triennium

108 2937 170 2997 vix
190 2955 313 2996 annuus
335 2946 477 3014 sumptus
498 2933 588 2994 datus
610 2945 666 2994 est.
687 2953 745 3014 per
770 2928 844 2993 deos
865 2927 1038 2990 inmortalis
1057 2937 1198 2992 utrumn

110 3035 245 3099 censetis
272 3055 323 3096 me
359 3035 458 3099 vicem
492 3035 594 3098 aerari
625 3045 784 3116 praestare
816 3051 858 3093 an
889 3028 1060 3090 exercitum
1096 3027 1163 3088 sine

185 3191 212 3242 1.
230 3204 281 3241 non
299 3188 326 3239 in
343 3202 396 3240 uno
429 3192 457 3241 2.
475 3195 521 3241 ant
539 3189 641 3256 stipere
657 3188 721 3240 talio
755 3190 782 3239 3.
800 3182 894 3248 Neque
912 3181 982 3235 enim
1023 3183 1049 3234 t.
1074 3179 1163 3231 nascio

110 3276 165 3326 qua
182 3274 229 3310 vos
265 3262 291 3310 4.
309 3273 360 3323 qun
378 3274 430 3309 nou
464 3265 491 3311 t.
510 3258 559 3311 huc
578 3261 616 3310 ire
638 3260 702 3310 licet
743 3253 1004 3310 annuentium
1039 3255 1066 3302 t.
1085 3256 1164 3322 atque

110 3330 179 3382 llaec
214 3329 379 3393 stonsque
398 3327 490 3378 dantur
506 3329 533 3380 in
551 3329 695 3396 provincias
732 3331 774 3379 10.
793 3324 973 3390 quodcumque
998 3320 1093 3375 accidit
1115 3333 1163 3388 pto

111 3401 191 3453 viotIs
208 3405 249 3451 est
266 3400 337 3451 etin
354 3398 410 3450 dies
446 3402 488 3451 17.
507 3399 533 3451 in
551 3399 685 3451 absentem
720 3401 765 3451 nt.
782 3396 809 3449 in
825 3410 873 3463 spe
906 3397 951 3446 24.
969 3408 986 3445 a
1003 3391 1077 3444 vobis

150 3539 276 3579 comus.
312 3527 339 3577 4.
356 3521 442 3575 nescio
460 3539 529 3594 quas
565 3527 591 3575 5.
609 3521 738 3573 mutastis
781 3525 854 3590 'het
870 3516 938 3568 illuc

150 3671 177 3717 7.
196 3672 279 3734 atque
296 3662 375 3729 illuc]
402 3662 448 3714 stc
472 3660 557 3712 Vatis.
581 3674 621 3727 pr.
692 3665 718 3713 t.
745 3655 909 3734 dominorum
934 3659 1018 3732 atqua
1043 3650 1164 3734 haec·-

111 3735 319 3800 necquicquam
342 3738 432 3785 contra
460 3736 564 3783 notatur
588 3745 622 3781 ex
657 3757 692 3768 -
715 3756 750 3767 -
778 3726 808 3777 in
832 3722 995 3794 provincias]
1032 3723 1165 3772 artissime

111 3805 221 3869 reliquis
239 3803 322 3856 Codd.
342 3809 369 3854 et
386 3801 480 3854 habent
497 3803 533 3853 ita
545 3802 621 3852 etiam
658 3799 721 3851 haec
739 3812 796 3849 cnm
822 3794 980 3870 cohaereant,
999 3805 1050 3842 oon
1069 3795 1165 3856 puncto

111 3875 185 3928 Edd.
210 3890 299 3926 omnes
324 3878 384 3924 ante
409 3874 573 3934 Cortiausm,
597 3871 623 3921 in
658 3867 800 3937 separanda
818 3872 892 3920 sunt:
910 3862 1081 3940 dominorum.
1108 3859 1166 3909 At-

111 3960 167 4012 qna
184 3945 367 4012 tacitamque
392 3943 419 3994 in
444 3952 471 3992 et
499 3947 624 3994 mutatum
659 3957 710 4011 qne
743 3938 809 3988 laneo
848 3962 884 3976 -·
913 3959 949 3971 -
983 3957 1016 3970 -
1043 3946 1072 3978 m
1101 3945 1168 3999 Iro«.

111 4022 171 4078 est,
191 4021 298 4082 propter
317 4027 428 4077 sequens
442 4022 524 4085 atque
549 4011 623 4064 taes.
658 4008 770 4062 vincias.

110 4085 237 4139 Retiuuit
252 4093 286 4156 etx
301 4081 465 4141 Gerlachins.
