2536 4590
492 127 836 204 -151-.

109 318 269 402 exemplis.
290 317 423 404 Nequeo
438 317 512 380 satis
533 316 641 381 mirari
653 319 708 400 qui
722 315 941 383 dominationis
960 317 1052 384 invos
1064 319 1158 383 servi·
1193 359 1204 371 -

109 423 189 483 tium
211 441 304 483 suum
324 419 499 484 mercedem
522 419 597 483 dant
618 432 649 483 et
670 432 838 505 utrumque
859 441 917 503 per
932 419 1081 482 iniuriam
1097 441 1204 482 ma·-

108 525 179 586 lunt
199 545 294 608 quam
315 524 434 606 optimo
460 523 528 584 iure
555 521 649 584 liberi
677 543 767 602 agere
801 525 962 604 praeclara
990 523 1204 584 Brutoruu-

111 636 204 708 atque
224 625 431 688 Aemiliorum
452 636 482 686 et
502 624 699 686 Lutatiorum
721 627 825 706 proles
846 625 941 706 geniti
962 622 1003 685 ad
1021 645 1058 688 ea
1082 642 1204 706 quae

74 726 93 777 3
109 725 243 788 maiores
264 727 379 789 virtute
399 746 550 808 peperere
570 724 789 789 subvertenda.
832 724 991 809 Numquid
1005 747 1024 787 a
1039 726 1204 808 Pyrrhi:

109 828 285 890 Hannibale
318 828 527 911 Philippoque
552 837 583 887 et
615 825 771 888 Antiocho
805 825 968 890 defensum
1000 838 1048 888 est
1079 819 1204 886 aliu&

111 950 206 1011 quam
226 930 354 993 libertas
378 941 409 992 et
432 948 506 990 suae
535 925 648 1008 cuique
668 925 756 990 sedes
777 928 850 990 Neu
874 929 924 991 cui
947 928 1019 992 Nisi
1044 929 1204 1007 legibuae

109 1050 292 1111 pareremus
313 1050 394 1114 quae
416 1041 527 1092 cuncta
547 1047 675 1091 scaevus
696 1029 755 1091 iste
779 1026 932 1094 Romuln's
956 1029 1048 1114 quasi
1068 1031 1204 1092 abexae

109 1132 208 1196 ternis
231 1144 407 1215 raptatenet
429 1129 736 1195 nontotexereitunm
756 1130 842 1195 clade
868 1151 972 1216 neque
999 1131 1204 1194 consutus:

110 1246 143 1296 et
176 1234 311 1298 aliorum
341 1233 521 1317 principum
553 1252 632 1316 quas
662 1234 789 1297 fortuna
817 1233 893 1297 belli
929 1230 1204 1316 consumpseru‘l

113 1336 251 1400 satiatus.
293 1335 422 1398 Sedtum
444 1332 604 1397 crudelior
621 1354 692 1396 cum
718 1337 856 1418 plerosq.
877 1335 1031 1398 secundae
1059 1354 1111 1400 res
1129 1335 1204 1395 ir:

112 1437 343 1500 miserationem
373 1456 414 1497 ex
445 1436 493 1497 ira
520 1446 658 1499 vertunt.
686 1437 764 1518 quin
803 1438 890 1501 solus
923 1436 1066 1500 omnium
1094 1448 1204 1519 pos-²

112 1539 296 1601 memoriam
322 1536 453 1601 humani
483 1537 635 1619 supplicia
668 1536 702 1599 in
733 1549 805 1620 post
835 1539 960 1602 futuros
992 1537 1174 1619 composui?

113 1639 184 1723 quis
204 1640 293 1722 prius
314 1639 431 1703 iniuria
452 1660 547 1723 quam
567 1638 631 1702 vita
650 1651 733 1701 certa
748 1652 828 1702 esset
845 1641 1092 1723 parvissimaque
1108 1651 1204 1722 pe!

113 1744 238 1807 sceleris
258 1743 484 1808 inmanitatem.
508 1740 609 1805 adhuc
626 1754 713 1805 tutus
733 1742 794 1806 fuit
816 1741 892 1805 dum
912 1764 969 1807 vos
991 1754 1079 1804 metu
1095 1763 1204 1823 grae

78 1846 209 1912 itioris
242 1846 361 1912 servitii
391 1869 409 1909 a
435 1843 606 1928 repetenda
636 1845 777 1910 libertate
809 1843 970 1907 terremini
995 1839 1204 1924 legendus-t

111 1962 175 2033 atq.
197 1950 323 2012 obviam
344 1947 493 2012 eumdum
514 1960 560 2013 est
584 1950 679 2033 quiR.
721 1949 770 2014 Ne
792 1946 893 2031 spolia
923 1958 1039 2012 vestra.
1068 1955 1204 2026 pene&

112 2048 183 2112 illos
204 2049 266 2113 sint
285 2048 360 2114 Non
382 2050 603 2132 prolatandum
625 2074 728 2136 neque
759 2051 841 2117 votis
869 2048 1010 2133 paranda
1039 2048 1170 2112 auxilia.
1192 2086 1204 2095 -

112 2151 182 2214 Nisi
217 2151 440 2234 fortesperatis.
470 2152 609 2216 taedium
634 2154 698 2218 iam
726 2167 781 2216 aut
808 2153 962 2236 pudorem
990 2151 1204 2235 tyrannidi&

115 2253 221 2315 Sullae
246 2256 323 2315 esse'.
344 2267 374 2316 et
394 2276 466 2317 eum
487 2276 546 2337 per
567 2259 667 2320 scelus
700 2269 859 2339 occupata.
886 2256 1092 2339 periculosius
1120 2253 1204 2316 dia

114 2355 293 2415 missurum.
317 2364 349 2415 at
369 2355 421 2416 ille
443 2357 632 2438 eoprocessit
661 2359 776 2422 utnihil
797 2357 968 2439 gloriosum
993 2356 1204 2420 Nisitutun»

80 2462 97 2516 5
114 2468 145 2518 et
159 2455 265 2520 omnia
278 2455 460 2518 retinendae
477 2457 699 2522 dominationis
720 2461 851 2523 honesta
880 2459 1020 2522 aestimet
1048 2455 1191 2543 'itaque

113 2561 167 2623 illa
188 2560 287 2642 quies.
307 2570 338 2620 et
362 2559 461 2621 otium
489 2581 560 2622 cum
591 2562 734 2626 libertate
762 2584 843 2646 quae
875 2561 965 2624 multi
987 2563 1083 2643 probi
1109 2583 1183 2643 por

113 2663 175 2724 tius
196 2682 291 2746 quam
322 2660 464 2723 laborem
495 2682 566 2723 cum
599 2662 774 2726 honoribus
808 2667 1033 2746 capessebant.
1070 2662 1178 2725 Nullo

113 2778 186 2828 sunt
205 2765 265 2827 hac
284 2776 476 2846 tempestate.
500 2763 699 2828 serviendum
714 2778 767 2829 aut
782 2765 1026 2848 imperitandum
1046 2768 1203 2831 haben-⁹

113 2867 171 2931 dus
195 2878 296 2929 metus
317 2878 362 2927 est
384 2878 441 2929 aut
460 2865 620 2930 faciendus
637 2868 730 2950 quitt.
772 2860 931 2951 Numquid
947 2869 1031 2931 ultra
1046 2889 1170 2952 quaeve

113 2972 251 3030 humana
272 2980 421 3049 superant
443 2968 603 3032 antdivina
626 2967 780 3050 inpolluta
801 2978 874 3028 eunt
900 2971 1038 3049 populus
1062 2991 1168 3033 roma·

115 3091 175 3133 nus
196 3073 292 3153 paulo
317 3084 387 3134 aute
410 3070 547 3151 gentium
569 3069 749 3135 moderator
771 3081 883 3131 exutus
904 3068 1037 3150 imperio
1059 3071 1168 3149 gloria.

185 3215 211 3262 1.
231 3213 257 3261 tn
274 3225 321 3262 vos
356 3214 382 3262 s.
401 3209 469 3263 Nam
485 3212 548 3279 quid
591 3216 616 3264 s.
641 3213 675 3265 cb
700 3211 813 3264 externis
838 3216 912 3277 rapta
938 3211 1024 3270 tenet,
1050 3219 1104 3258 non
1131 3211 1169 3258 tot

37 3331 40 3337 .
115 3279 276 3334 exercituum
314 3282 356 3332 11.
375 3279 493 3332 sedtum
532 3285 573 3333 ts.
592 3279 693 3334 hnmani
712 3281 815 3347 generis
840 3278 968 3349 supplicis
1006 3278 1049 3328 14.
1066 3277 1168 3343 previs-

113 3367 237 3417 sumeque
273 3353 316 3401 17.
337 3348 447 3401 eundum
485 3354 528 3404 19.
546 3351 614 3403 torte
631 3354 740 3419 speratis
775 3355 820 3404 st.
839 3366 871 3404 eo
890 3347 1035 3418 processit,
1054 3352 1084 3398 ut
1107 3345 1168 3398 nihil

112 3427 157 3476 nt.
175 3422 223 3476 nisi
242 3426 325 3475 tutum
360 3423 402 3474 24.
422 3423 490 3474 nulls
508 3426 574 3474 sunt.
595 3421 647 3492 lue
660 3426 815 3489 tempestate
833 3419 999 3476 serviundum
1033 3418 1079 3470 26.
1100 3415 1168 3470 Nam

113 3494 174 3564 quid
210 3497 255 3548 st.
274 3498 320 3546 snt
338 3489 423 3546 divina
1140 3500 1143 3507 '

151 3637 275 3675 cosmus.
312 3625 338 3673 s.
357 3619 436 3672 libere
472 3626 499 3676 8.
515 3638 612 3674 saevus
648 3620 808 3674 desiccatis
853 3625 894 3676 1³.
915 3617 1065 3672 messoriam
1083 3617 1171 3670 homi-

185 3710 248 3744 num
286 3690 421 3759 1s.san‘s
466 3696 508 3744 18.
526 3692 603 3743 ittam
647 3696 690 3748 19.
712 3710 761 3762 per
788 3691 906 3743 taedium
952 3694 994 3744 1⁹.
1013 3688 1170 3759 tyrannidis

80 3830 82 3834 Α
184 3780 241 3814 esse
259 3777 317 3812 eum
352 3764 396 3813 21.
412 3761 454 3811 ast
489 3766 532 3814 11.
552 3764 696 3815 existumet
731 3767 775 3815 26.
794 3771 879 3814 nictus
898 3770 948 3814 aas

148 3893 173 3941 e.
194 3887 317 3952 scaevus]
343 3888 440 3938 Firmut
468 3887 532 3939 hauc
556 3890 625 3956 opti·
660 3891 693 3942 sit
711 3891 780 3956 uolg.
798 3888 932 3940 'somnum
947 3887 1096 3942 iuhunmni
1111 3904 1172 3940 cos·

114 3971 181 4009 inam
198 3960 334 4011 tectionem
347 3959 430 4012 Vetto.
450 3972 488 4026 pr.
505 3973 552 4024 pro
569 3959 624 4011 vol·
660 3967 849 4028 septimense,
873 3974 897 4012 v.
915 3958 1020 4029 generis
1040 3975 1104 4015 csso
1123 3975 1172 4014 ex-

113 4032 176 4093 gsto
194 4044 300 4082 saevus.
660 4031 753 4085 cidisse
772 4031 916 4085 etiamnunc
930 4045 996 4084 seor.

151 4101 191 4148 to.
212 4096 333 4164 turiani]
355 4100 421 4154 Cum
439 4100 482 4153 vix
501 4097 624 4153 credibile
