2536 4590
511 160 765 249 -fftts-

71 351 88 403 1
195 349 319 412 XXXI.
361 347 568 411 converterat
595 349 654 412 Gn.
681 348 813 431 Pompei
842 332 980 432 persona
1002 362 1103 415 totum
1131 355 1166 414 in

104 471 140 516 se
162 462 320 514 terrarum
345 453 455 513 orbem
483 462 515 512 et
541 471 599 533 per
633 451 739 511 omnia
761 450 879 513 maiore
914 451 948 516 vi
980 453 1166 517 habebatur.

103 552 162 637 qui
182 573 255 615 oum
280 549 370 618 GOS.
393 572 548 634 perquam
569 549 769 614 laudabiliter
785 553 919 615 iurasset
940 555 1026 615 sein
1045 555 1165 616 nullam

69 653 301 736 zprovinoiam
323 675 365 716 ex
385 674 422 715 eo
444 653 624 732 magistratu
644 653 763 715 iturum
783 653 880 737 idque
909 669 1075 734 servasset,
1093 667 1166 738 post

93 753 268 821 ¹biennium
287 757 326 818 A.
348 755 500 817 Gabinius
521 757 667 818 tribunus
695 757 794 835 legem
820 758 908 837 tulit,
937 771 973 821 ut
997 779 1069 819 cum
1089 757 1185 819 belli⁵
1215 742 1217 748 ¹

101 881 209 939 more,
229 879 296 921 non
317 858 574 936 latrociniorum,
597 860 708 920 orbem
726 858 890 937 classibus,
911 859 975 921 iam
989 881 1056 922 non
1071 858 1165 920 furti·

102 961 151 1026 vis
179 958 432 1043 expeditionibus
465 959 586 1040 piratae
618 971 774 1022 terrerent
806 959 1022 1046 quasdamque
1054 960 1164 1022 Italiae

102 1066 200 1126 urbes
221 1060 438 1142 diripuissent,
460 1060 708 1141 Cn.'Pompeius
729 1060 770 1124 ad
786 1084 840 1125 eos
853 1061 1077 1145 opprimendos
1092 1062 1165 1125 mit·

100 1176 223 1227 teretur
245 1177 388 1246 essetque
410 1163 440 1225 ei
459 1163 627 1244 imperium
649 1184 781 1226 aecuum
801 1165 836 1225 in
858 1166 1004 1227 omnibus
1032 1165 1163 1247 provin·
1222 1202 1225 1206 »

102 1266 159 1329 ciis
181 1285 252 1328 cum
278 1265 521 1346 proconsulibus
549 1283 650 1346 usque
678 1264 717 1326 ad
741 1266 1034 1348 quinquagesimum
1061 1266 1200 1326 milia-to

69 1367 188 1430 arium
208 1389 229 1428 a
246 1368 338 1429 mari.
359 1388 423 1449 quo
445 1365 478 1429 S.
498 1366 533 1427 C.
553 1388 655 1448 paene
685 1368 782 1430 totius
813 1380 970 1429 terrarum
995 1365 1082 1428 orbis
1104 1367 1164 1426 im-

102 1469 228 1552 perium
249 1468 306 1531 uni
326 1469 396 1533 viro
426 1467 636 1532 deferebatur.
664 1467 719 1530 sed
746 1481 852 1530 tamen
880 1468 965 1530 idem
998 1470 1058 1530 hoo
1092 1477 1163 1528 ante

70 1581 88 1632 4
104 1569 269 1633 biennium
289 1569 325 1631 in
346 1572 393 1634 M.
416 1565 542 1633 Antoni
561 1583 710 1652 praetura
730 1568 890 1632 decretum
913 1582 989 1633 erat.
1031 1566 1095 1631 Sed
1111 1567 1164 1628 in·

102 1658 230 1735 terdum
250 1692 401 1752 persona,
434 1683 471 1733 ut
495 1673 640 1752 exemplo
676 1684 786 1750 nocet,
817 1672 862 1732 ita
889 1670 1040 1736 inuidiam
1072 1680 1165 1748 auget

102 1785 160 1835 aut
179 1775 261 1834 leva.
302 1774 340 1834 In
359 1773 499 1835 Antonio
520 1773 665 1834 homines
687 1793 790 1852 aequo
822 1772 927 1833 animo
951 1773 1035 1852 passi
1064 1783 1162 1832 erant.
1171 1783 1198 1822 1⁵

101 1875 189 1937 Raro
209 1873 295 1935 enim
317 1873 478 1936 invidetur
502 1894 613 1936 eorum
633 1873 827 1950 honoribus,
851 1892 990 1953 quorum
1017 1869 1064 1932 tis
1096 1889 1164 1930 non
1247 1863 1250 1866 ’

101 1979 241 2040 timetur.
284 1973 404 2037 Contra
431 1975 525 2036 iniis
553 1975 699 2038 homines
724 1971 975 2035 extraordinaria
995 1991 1030 2031 re
1053 1968 1164 2031 formi-

102 2078 198 2159 dant,
219 2076 276 2161 qui
300 2099 337 2139 ea
358 2098 415 2139 suo
439 2077 569 2140 arbitrio
594 2090 648 2140 aut
671 2074 846 2157 deposituri
866 2084 921 2134 aut
940 2069 1095 2134 retenturi
1114 2068 1163 2132 vi·

101 2179 218 2243 deutur
240 2177 423 2242 atmodum
445 2179 479 2239 in
493 2180 652 2243 uoluntate
665 2180 793 2240 habent.
834 2171 1164 2253 Dissuadebantopti-

100 2295 218 2359 matos,
240 2278 295 2343 sed
317 2282 447 2344 consilia
469 2281 590 2360 impetu
608 2279 691 2343 victa
712 2291 795 2339 sunt.
1166 2285 1197 2328 20

71 2399 88 2451 1
192 2382 332 2447 XXXII.
373 2382 479 2461 Digna
503 2394 549 2443 est
570 2380 722 2442 memoria
745 2377 785 2455 Q.
805 2376 909 2439 Catttli
930 2396 1002 2436 cum
1024 2368 1161 2434 auctori·

102 2499 167 2565 tas,
190 2497 260 2546 tum
280 2482 480 2547 uerecundia.
500 2484 557 2566 qui
584 2504 656 2545 cum
681 2480 863 2544 dissuadens
892 2479 992 2556 legem
1019 2473 1055 2533 in
1081 2491 1161 2533 con-

101 2588 189 2652 tione
220 2587 348 2649 dixisset
379 2607 445 2650 esse
476 2584 604 2669 quidem
624 2586 820 2667 praeclarum
848 2579 954 2650 uirum
983 2574 1043 2635 Cn.
1065 2570 1161 2635 Pom·

178 2746 207 2798 2.
225 2741 308 2794 maior
324 2742 427 2794 mortali
454 2739 596 2794 habebatur
637 2745 664 2795 t.
682 2737 858 2805 quasdamque
884 2731 962 2786 etiam
988 2728 1080 2781 ltaliae
1117 2727 1161 2777 1³.

104 2814 270 2884 septennium
286 2811 313 2864 in
330 2813 369 2866 M.
384 2813 497 2865 Antonio
515 2819 637 2919 pmetpre
673 2815 717 2862 15.
739 2811 808 2861 levat
844 2808 887 2857 tt.
904 2797 1073 2853 reformidant

103 2940 191 2993 dicata
207 2936 393 3008 principatum
416 2935 490 2988 solus
502 2934 616 3006 adsequi
650 2934 748 2996 etiam,
776 2947 808 2982 an
826 2927 967 2981 Rhenanus
984 2921 1103 2977 consulto
1122 2919 1162 2970 in-

102 3029 159 3063 non
173 3018 293 3079 poterat.
329 3009 435 3073 Nescio,
449 3014 535 3059 utrum
550 3008 612 3058 scri·
651 3004 774 3070 sulcarim
802 2999 865 3052 illud
889 3005 976 3050 tamen
995 2990 1161 3063 probabilius.

104 3086 224 3150 piorem,
247 3095 280 3130 aa
309 3080 427 3131 librarios
452 3084 617 3130 correcturus
688 3096 715 3143 9,
733 3087 856 3152 mum]
883 3087 914 3137 A,
941 3097 1058 3151 aequum
1084 3075 1161 3128 pr,

103 3152 154 3232 sim
176 3165 340 3218 proponens:
369 3165 429 3199 mox
453 3166 513 3228 curu
535 3150 618 3227 P⁰.m.'
690 3180 733 3228 n·
752 3193 805 3245 quo
818 3175 846 3224 S·
864 3171 902 3236 0⁹]
926 3170 958 3221 A·
977 3184 1029 3237 quo
1049 3170 1163 3220 matus

100 3238 164 3290 ΡΜ
180 3228 209 3300 ‘ft
229 3222 342 3271 cmm
369 3221 483 3269 mmm
506 3233 619 3268 ¹²⁰m⁸m⁸
655 3249 725 3299 008.
742 3247 771 3298 P.
793 3261 845 3314 quo
862 3233 1095 3292 senatusconsulto
1110 3231 1162 3284 bR.

99 3290 258 3361 prinoipem.
777 3330 782 3341 Ι
838 3328 844 3339 .

141 3365 169 3413 2.
187 3355 347 3426 peremnia
362 3354 461 3406 utoiore
477 3355 515 3422 ur]
538 3355 620 3407 APR.
654 3337 734 3455 ηἰέιῖ·
747 3329 900 3453 gippedes]
928 3324 1028 3379 APbR.
1056 3327 1163 3388 septen-

99 3447 153 3501 ρον
173 3428 262 3480 οιιιηὶα
288 3425 373 3478 maior
391 3424 501 3477 mortali
519 3425 620 3477 lacobs.
766 3470 771 3481 ,
982 3461 988 3473 ·

691 3477 733 3523 13.
761 3488 790 3520 ιη
814 3471 855 3520 M.
882 3465 988 3517 Antom
1017 3456 1162 3528 praetura]

99 3498 441 3634 mrhffiwbirntdddipX
460 3510 619 3632 ὄζνὲᾜέἕ
652 3543 753 3666 ssp'bR:
772 3539 800 3589 in
831 3539 872 3588 Μ.
898 3530 1019 3586 Antonio
1037 3533 1165 3596 praetore

679 3625 790 3663 oremus.

105 3639 194 3692 maior
220 3635 383 3689 evehebatur
408 3637 534 3688 Halmius.
562 3635 618 3687 Ve-

105 3727 167 3765 rum
185 3709 293 3761 deberet
309 3709 401 3761 saltem
420 3722 494 3759 esse:
512 3705 541 3756 in
558 3721 619 3754 ma·
690 3700 732 3748 tt.
750 3703 783 3745 ut
794 3686 911 3758 exemplo
923 3683 1010 3750 uocet]
1020 3679 1118 3735 thR.
1131 3686 1165 3729 ut

103 3782 168 3834 iura
180 3778 361 3844 evehebatur.)
539 3815 546 3823 .
654 3764 772 3833 exemplo
792 3769 868 3813 nocet
890 3767 941 3808 aut
963 3772 1016 3807 non
1036 3757 1113 3804 uocet
1130 3749 1162 3800 0.

119 3904 122 3910 ,
148 3857 177 3903 7.
211 3847 396 3919 quasdamque
430 3844 544 3910 Italiae]
589 3842 622 3893 Α.
657 3838 750 3907 purtim
772 3849 830 3885 cum
849 3829 971 3882 Kranaia.

106 3918 294 3993 quasdamque
315 3918 398 3967 etiam
424 3913 525 3965 Italiae
547 3913 622 3966 PbR.
695 3913 737 3959 15.
756 3893 1084 3979 teva]t.1erqtt²bR.·
1117 3958 1124 3972 ⁹

107 3991 203 4056 (Errat
219 3987 389 4042 Ruhnkenius
406 3986 457 4038 Ed.
480 3982 624 4036 basileensi
696 3982 739 4029 15.
757 3975 796 4040 in]
815 3970 914 4025 APbR.
933 3966 963 4017 ut
980 3983 1009 4014 m
1035 3961 1164 4037 Heinsius.

106 4062 227 4128 tribuens
245 4057 378 4130 quasdam
401 4055 484 4106 etiam
504 4051 625 4116 Italiae.)
697 4052 739 4099 lt.
758 4062 785 4095 re
796 4038 963 4111 sorutidant]
982 4037 1013 4088 Α.
1042 4029 1167 4102 reforme-

106 4134 361 4196 hermamonem
380 4125 413 4181 A.
430 4140 492 4179 casu
511 4122 627 4177 omiserit
662 4117 729 4170 dant
748 4114 823 4169 Pbtt.

75 4366 106 4455 ἕ
