2536 4590
530 161 762 234 ..8-

113 352 339 436 prodiderunt,
363 349 556 428 accesserim,
581 371 651 411 eum
675 349 763 414 aliter
776 347 901 415 firmare
917 354 1028 414 urbem
1049 374 1170 418 novam

114 469 179 517 tam
201 457 310 519 vicinis
334 454 519 518 Veientibus
549 453 679 535 aliisque
705 454 842 516 Etruscis
870 476 905 515 ac
931 453 1055 516 Sabinis
1095 478 1170 519 cum

81 558 231 621 simbetti
258 570 288 619 et
308 558 458 640 pastorali
488 578 584 618 manu
611 558 666 620 vix
693 557 849 637 potuerit,
880 577 1071 639 quamquam
1103 557 1170 620 iam

114 661 201 740 asylo
223 661 303 722 lacto
324 662 408 720 inter
428 657 507 722 ditos
529 659 617 720 lucos
638 659 738 720 auxit.
778 658 837 718 Hic
868 673 991 720 centum
1021 660 1170 723 homines

113 762 226 822 eleetos
250 762 483 842 appellatosque
504 761 612 821 Patres
634 761 733 821 instar
752 760 862 822 habuit
892 761 1013 822 consilii
1034 762 1188 841 publicis

112 863 202 924 Hanc
218 863 368 942 originem
381 883 498 923 nomen
511 862 714 943 patriciorum
728 864 834 925 habet.
875 863 995 942 Raptus
1008 862 1170 941 virginum

112 962 299 1027 Sabinarum
323 959 337 992 *
362 960 376 993 *
400 960 415 993 *
438 960 452 993 *
474 960 526 993 **
556 962 622 1025 Nec
651 964 755 1026 minus
784 965 885 1026 clarus
915 985 952 1026 ea
982 977 1169 1044 tempestate

111 1065 173 1128 fuit
195 1063 346 1128 Miltiadis
367 1063 449 1126 filius
472 1063 640 1128 Cimon*
682 1063 696 1098 *
739 1061 753 1096 *
797 1062 811 1097 *
855 1063 870 1097 *
914 1063 930 1097 *
974 1061 988 1096 t
1031 1061 1045 1095 *
1092 1061 1107 1095 *
1153 1063 1168 1096 s

110 1294 343 1361 EXEMPLAR
357 1298 622 1361 AMERBACHII
640 1296 901 1362 CORRECTVM
916 1298 974 1360 EX
990 1298 1169 1364 BVRERII

492 1382 785 1448 LECTIONIBVS.
1175 1391 1200 1431 ¹⁰

225 1617 229 1626 ¹
297 1550 498 1627 Fragmentum
518 1553 613 1614 Primi
637 1552 701 1612 libri
720 1552 804 1612 Vellei
820 1553 975 1615 Paterculi.

77 1700 93 1751 l
194 1682 321 1729 ****
362 1693 420 1755 ΙΧ,
465 1714 559 1776 quam
581 1692 727 1754 timuerat
754 1694 870 1767 hostis,
904 1691 1031 1772 expetit.
1082 1686 1169 1750 Nam

111 1781 239 1877 biennio
264 1784 342 1855 adeo
363 1795 451 1856 varia
471 1797 600 1858 fortuna
621 1818 693 1880 eum
719 1797 898 1858 consulibus
922 1794 1115 1867 conflixerat,
1132 1805 1170 1853 ut

110 1888 297 1972 plerumque
326 1898 471 1974 superior
491 1900 551 1957 suit
574 1918 780 1978 magnamque
805 1909 925 1977 partem
955 1893 1104 1954 Graeciae
1132 1893 1169 1953 in

77 1989 288 2051 2soeietatem
313 2014 402 2055 suam
431 1996 625 2076 perduceret.
670 1996 764 2071 Quib.
787 1996 902 2059 Rhodii
923 2017 1064 2077 quoque,
1084 1992 1165 2053 fide·
1176 2010 1202 2051 1⁵

107 2087 217 2152 lissimi
241 2107 331 2156 antea
352 2097 522 2177 Romanis,
547 2112 613 2160 tum
638 2097 732 2160 dubia
754 2099 815 2160 fide
838 2099 987 2180 speculati
1002 2098 1167 2156 fortunam

107 2193 261 2270 primores
284 2199 366 2277 regis
389 2202 531 2280 partibus
554 2202 649 2263 fuisse
670 2201 731 2279 visi
752 2214 835 2263 sunt.
867 2214 898 2261 et
921 2222 979 2261 rex
1006 2199 1165 2259 Eumenes

106 2294 141 2354 in
164 2316 201 2358 eo
224 2299 306 2359 bello
328 2299 449 2362 medius
477 2305 537 2364 suit
561 2306 684 2382 animo,
717 2325 820 2386 neque
849 2303 952 2364 fratris
980 2301 1075 2361 initiis
1107 2299 1166 2360 ne-

74 2408 171 2477 8que
194 2418 268 2460 suae
290 2403 452 2482 respondit
472 2406 699 2468 consuetudini.
754 2408 837 2466 Tum
861 2418 985 2466 senatus
1009 2403 1165 2483 populus-

108 2519 170 2581 que
192 2500 352 2566 Romanus
376 2506 414 2568 L.
437 2509 605 2570 Aemilium
622 2510 769 2586 Paulum,
787 2509 843 2591 qui
863 2520 893 2572 et
910 2520 1038 2589 praetor
1052 2519 1082 2567 et
1096 2527 1199 2568 cos-so

104 2603 368 2685 triumphaverat,
397 2610 501 2672 virum
521 2613 556 2672 in
577 2624 699 2673 tantum
719 2609 928 2687 laudandum,
952 2611 986 2671 in
1008 2623 1163 2694 quantum

106 2701 243 2784 intellegi
263 2708 360 2770 virtus
382 2723 505 2790 potest,
525 2712 625 2775 filium
648 2715 714 2776 eius
738 2713 845 2790 Pauli,
873 2713 929 2795 qui
957 2712 996 2774 ad
1027 2710 1162 2791 Cannas,

176 2880 202 2930 s.
228 2894 381 2948 quamquam
401 2895 457 2933 eam
476 2883 549 2948 asylo
587 2887 629 2937 14.
656 2881 736 2935 luerit
780 2884 823 2934 15.
846 2879 914 2935 Quin
962 2882 1003 2930 17.
1024 2880 1159 2946 proniores

104 2947 148 2997 20.
167 2946 301 3001 Romanus
320 2983 486 3007 .......
505 2955 536 3009 L,
556 2955 694 3008 Aemilium

138 3074 163 3123 s.
183 3071 249 3140 tam]
268 3075 343 3127 ron.
359 3092 417 3126 eam
437 3077 566 3135 nemas.
685 3085 727 3134 15.
747 3078 829 3151 quin]
848 3050 1006 3149 utquam
1031 3079 1074 3142 Ρ.)
1093 3077 1160 3147 qam

139 3161 163 3210 s.
183 3160 274 3226 auxit]
286 3162 360 3216 Pbts.
377 3165 486 3215 aaran
502 3168 613 3222 castaus
648 3153 700 3204 bR·
721 3153 763 3215 tex
777 3149 874 3220 suibus
894 3151 1034 3218 Herelius·)

102 3226 222 3281 Halensis
237 3236 315 3285 1317·
333 3234 368 3287 N·
378 3238 421 3289 40,
436 3241 463 3286 et
476 3238 612 3294 walterus·
685 3225 727 3274 16.
747 3221 840 3286 anteo]
860 3221 942 3272 ABR.
961 3231 1024 3272 (ente
1040 3224 1088 3277 Pb.

102 3296 212 3351 Rectius
231 3301 298 3352 soret
312 3304 441 3358 auxisset.
477 3309 530 3359 Sed
546 3316 612 3361 tem·
684 3295 728 3345 17.
745 3291 882 3370 primores]
893 3291 1065 3359 Aproniam
1078 3296 1154 3348 PbR.

102 3385 151 3434 pus
170 3369 320 3425 historicum
345 3376 440 3426 nuttam
465 3375 543 3430 habet
562 3380 612 3431 dif-
685 3361 819 3430 ¹⁸·s‘i1‘l
862 3363 960 3413 APbR·
999 3364 1156 3432 Suspectum

101 3441 250 3493 lieultatem.
648 3431 757 3485 Heinsio
776 3432 871 3484 delevit
889 3432 1005 3487 Clodius.

136 3517 162 3563 7.
183 3513 238 3562 Nea
263 3511 351 3565 minus
367 3544 403 3555 -
422 3516 522 3586 Cimon]
548 3521 614 3571 sep.
683 3507 726 3553 22.
744 3512 850 3570 potest,
868 3502 973 3583 filium]
996 3508 1030 3582 ΙΑ.
1055 3511 1157 3569 potest,

100 3583 172 3632 ravit·
189 3582 252 3636 baec
270 3587 417 3638 Priscianus
436 3588 481 3643 Vl.
509 3607 533 3656 p.
551 3595 611 3641 too.
647 3571 780 3622 ‘⁰⁷¹⁸“lem
811 3584 927 3638 “mma
951 3573 1045 3640 filfflm
1080 3573 1155 3626 Pbfl·

99 3648 186 3704 Etiam
203 3656 267 3709 Cod.
283 3657 370 3711 Turis.
386 3660 446 3711 See.
460 3659 493 3712 X.
509 3662 611 3715 Velleio
645 3642 705 3705 (Est
727 3650 816 3710 aperta
840 3643 958 3695 R¹¹²¹¹⁸¹¹i
983 3644 1156 3710 ῖΰῑθῐΡθΙθῐῑθι

99 3722 190 3773 Marci
208 3742 363 3791 praenomen
382 3729 479 3784 tribuit,
647 3719 674 3765 et
692 3731 722 3765 ea
742 3714 845 3780 quidem
862 3714 1006 3766 salsissima.
1042 3718 1155 3766 Senatus

136 3812 177 3861 13·
199 3812 362 3881 consulibus]
381 3816 437 3869 AR·
458 3819 547 3872 0088ο
559 3821 599 3872 Pb
645 3785 711 3836 euim
731 3786 816 3836 nullae
836 3790 921 3868 partes
934 3791 993 3868 sunt
1006 3787 1031 3836 in
1042 3784 1155 3836 creando

602 3861 608 3876 ·
644 3858 757 3908 consule.
794 3856 886 3908 Potius
904 3872 944 3907 vv.
960 3874 982 3905 es
999 3855 1065 3905 bello
1072 3872 1155 3922 proe-

135 3899 177 3948 14.
192 3895 266 3966 fuit]
288 3901 344 3955 AB,
357 3902 449 3970 suerit
470 3905 544 3957 PbR.
637 3925 710 3994 fecit
734 3927 774 3978 vel
799 3926 945 3978 destinas-it
968 3926 993 3976 ei
1017 3924 1083 3975 bello
1105 3944 1154 3993 ge-

115 3988 174 4065 ,¹⁵¹
191 3987 360 4055 perduceret]
370 3991 608 4060 stttperaetaxe.
644 3995 723 4046 remla
749 3995 823 4065 (Cap.
841 3998 895 4064 12.)
921 3998 960 4049 vel
986 3997 1079 4047 similist
1104 4012 1152 4047 ex-

96 4058 133 4139 r'ft
151 4056 263 4124 Lipsius.
274 4059 326 4112 Cir.
341 4059 459 4117 Handttd
475 4064 608 4134 Wopken·
642 4065 760 4118 ciderunt
779 4075 838 4134 post
856 4085 881 4123 v.
901 4069 1038 4118 Romanus
1057 4071 1102 4119 sut
1125 4068 1150 4118 in

96 4127 127 4178 ssi
145 4130 177 4179 L.
199 4130 227 4180 T.
256 4146 280 4199 p.
296 4135 356 4185 373.
640 4137 691 4189 tine
710 4138 859 4205 clausulas.)
