2564 4590
507 212 552 249 v-
606 168 790 247 tus..

58 433 61 437 ⁴
107 376 220 420 recens
240 354 401 441 mauringa
421 354 520 423 multa
541 379 576 420 ac
591 355 728 421 nefanda
745 360 878 425 Plancus
896 365 1163 427 absentiAntonio

104 459 142 518 in
165 473 274 522 senatu
299 462 463 539 obiiceret,
484 461 602 538 Multa,
632 462 735 543 inquit
742 507 751 539 ,
781 466 974 528 mehercules
1004 467 1076 528 lecit
1096 467 1163 526 An-

104 561 215 621 tonius
238 561 355 641 pridie,
377 582 472 646 quam
502 574 537 623 tu
558 564 647 624 illum
668 565 873 648 relinqueres.
943 566 947 571 ’

69 670 87 720 1
194 663 377 726 LXXXIV.
421 664 553 726 Caesare
574 663 687 737 deinde
706 679 737 728 et
747 668 882 732 Messala
898 666 1037 730 Corvino
1050 663 1162 731 COSS.

106 760 300 826 debellatum
322 765 406 846 apud
425 766 565 842 Actium,
593 767 650 828 ubi
671 768 763 848 longe
785 783 973 853 antequam
1001 767 1183 829 dimicare-⁵

68 872 89 925 2
105 877 178 942 tur,
201 869 450 948 exploratissima
470 869 664 931 Iulianarum
684 873 820 951 partium
834 873 895 934 fuit
908 871 1049 936 victoria.
1067 870 1163 947 Vige-

106 969 164 1028 bat
182 967 217 1027 in
237 970 295 1029 hac
316 981 404 1049 parte
433 970 523 1031 miles
551 984 645 1053 atque
675 973 863 1054 imperator,
905 974 992 1035 illam
1013 972 1163 1032 arcebant

108 1069 223 1130 omnia.
254 1071 328 1131 hinc
361 1091 449 1149 reges
478 1071 661 1143 firmissimi,
691 1075 777 1135 illinc
813 1075 921 1155 inopia
955 1070 1163 1135 adientissimi.

107 1172 235 1233 navium
256 1175 333 1233 haec
358 1171 538 1252 magnitudo
566 1172 688 1235 modica
709 1196 749 1236 ne
771 1176 926 1237 celeritate
959 1172 1088 1235 adversa
1107 1173 1162 1232 illa

108 1274 211 1353 speeie
232 1287 261 1336 et
289 1270 471 1336 terribilior.
501 1276 574 1336 hinc
603 1274 643 1337 ad
675 1279 849 1339 Antonium
874 1297 983 1353 nemo,
1011 1274 1097 1335 illinc
1120 1270 1197 1333 adro

69 1375 272 1437 SCaesarem
295 1375 407 1437 cotidie
439 1375 558 1458 aliquid
585 1379 821 1458 transfugiebat.
873 1378 1020 1459 Denique
1048 1375 1081 1435 in
1107 1393 1161 1434 ore

106 1474 210 1557 adque
243 1478 340 1539 oculis
372 1477 568 1538 Antonianae
599 1479 703 1540 classis
734 1500 792 1561 per
815 1480 960 1540 Marcum
991 1476 1162 1557 Agrippam

104 1578 228 1640 Leucas
248 1591 441 1659 expugnata,
466 1581 577 1640 Patrae
599 1593 721 1660 captae,
744 1580 914 1644 Corinthus
936 1590 1096 1659 occupata,
1112 1577 1161 1638 bis

106 1690 180 1740 ante
214 1682 356 1741 ultimum
382 1678 548 1740 discrimen
583 1681 685 1743 classis
716 1683 855 1744 hostium
883 1690 1037 1762 superata.
1090 1679 1160 1740 Rex

64 1811 67 1815 ⁷
104 1783 234 1862 Myntas
254 1783 367 1845 melior
387 1794 419 1843 et
437 1782 564 1843 utiliora
584 1795 725 1861 secutus3
746 1805 821 1846 nam
842 1783 880 1844 de
902 1783 986 1842 illius
1008 1779 1159 1859 exemplis
1171 1793 1196 1832 1⁵

105 1882 192 1944 uitae
212 1895 331 1943 naxuta
360 1883 527 1945 Dolabella
556 1882 597 1943 ad
621 1885 799 1963 Caesarem,
829 1884 941 1965 uirque
973 1881 1161 1941 clarissimus

105 1984 167 2046 Cn.
188 1985 362 2061 Domitius,
384 1986 441 2068 qui
462 1987 547 2048 solus
568 1988 819 2050 Antonianarum
839 1985 977 2069 partium
998 2002 1160 2063 nunquam

103 2087 246 2165 reginam
267 2087 328 2147 nisi
351 2088 478 2148 nomine
499 2089 663 2168 salutavit,
683 2089 822 2155 maximo
846 2100 876 2151 et
896 2085 1058 2168 praecipiti
1076 2083 1160 2163 peri-

105 2191 178 2250 cula
197 2188 368 2250 transmisit
387 2188 426 2250 ad
450 2189 623 2255 Caesarem.

180 2331 206 2382 2.
225 2328 309 2380 Multo
328 2329 393 2394 alia,
416 2329 498 2396 inquit
533 2337 559 2385 7.
580 2331 607 2383 in
625 2330 668 2383 illa
683 2328 831 2383 marcebant
849 2326 942 2379 omnia.
973 2323 1031 2377 binc
1046 2323 1159 2389 remiges

105 2404 136 2453 9.
154 2402 255 2452 navium
274 2399 321 2451 bac
341 2401 489 2465 magnitudo
505 2402 606 2454 modica
623 2418 671 2454 nec
690 2402 815 2454 celeritati
838 2398 960 2460 adversa,
986 2397 1030 2447 illa
1057 2394 1158 2463 species

106 2471 255 2523 terribilior.
292 2474 335 2523 12.
354 2478 432 2536 atque
469 2476 511 2523 15.
528 2475 650 2536 Amyntas
664 2474 771 2524 meliora
808 2475 850 2522 15.
865 2485 923 2520 nam
936 2468 1034 2519 Dellius
1045 2464 1159 2530 exempli

95 2540 149 2592 sni
167 2547 261 2606 tenax,
274 2547 307 2591 nt
324 2557 340 2590 a
358 2542 493 2592 Dolabella
509 2543 542 2593 ad
563 2543 695 2607 Cassium,
712 2560 728 2593 a
747 2542 837 2594 Cassio
854 2540 887 2593 ad
906 2539 1055 2592 Antonium,
1071 2537 1107 2587 ita
1125 2534 1158 2586 ab

105 2612 222 2664 Antonio
240 2612 343 2664 transiit
359 2612 391 2665 ad
411 2612 549 2666 Caesarem
591 2617 634 2666 ts.
653 2614 769 2680 periculo

145 2744 172 2792 l.
190 2738 321 2810 nefanda]
342 2738 422 2791 APR.
449 2737 571 2791 miranda
588 2740 613 2793 b.
648 2739 783 2797 medicans
796 2743 822 2791 et
836 2733 934 2807 species
952 2730 1104 2785 terribilior.
1123 2732 1161 2782 Ut

144 2815 171 2862 2.
185 2809 613 2878 Malta.inqan]l1>btt.matro
649 2819 690 2862 est
707 2812 732 2862 in
752 2826 848 2873 marg.‚
867 2805 971 2857 Rultnk.
987 2805 1012 2855 in
1028 2803 1159 2870 plerisque

107 2879 184 2945 alia,
200 2879 289 2950 inquit
303 2881 335 2931 O.
350 2879 421 2934 Quid
430 2881 525 2948 leporis
534 2882 614 2932 amari
649 2898 707 2932 cum
719 2881 834 2932 Heinsio.
848 2875 968 2941 (navium
983 2874 1044 2922 ltine
1054 2871 1159 2942 anagni-

106 2951 170 3003 iusit
187 2951 213 3002 in
232 2952 341 3003 lectione
358 2950 477 3016 volgata,
495 2950 615 3018 equidem
649 2950 716 3000 rada
733 2947 849 3017 modica,
865 2943 913 2996 sad
926 2944 1042 3007 celerior,
1061 2961 1094 2993 es·
1109 2940 1159 2990 ad-

107 3037 238 3087 nunquam
255 3022 401 3085 intelligere
419 3021 500 3087 potui.
545 3022 616 3073 Con·
650 3039 724 3072 versa
741 3021 791 3070 illa
808 3017 891 3085 specie
909 3014 1051 3066 terribilior
1070 3014 1105 3077 h.)

109 3100 151 3144 tta
169 3094 194 3143 in
212 3108 270 3144 mea
288 3092 400 3143 lectione
417 3097 533 3158 apparet,
552 3108 618 3157 quo·
688 3095 731 3145 ll.
750 3087 856 3159 aliquid
871 3082 1086 3155 transfugiebat]
1102 3082 1159 3135 AB.

108 3162 187 3214 modo
207 3163 338 3231 Coponius
355 3162 478 3214 Plancum
495 3163 618 3214 irriserit:
652 3160 739 3231 aliqui
769 3154 991 3228 transfugiebant
1016 3155 1091 3208 Pblt.
1128 3153 1159 3203 Si

109 3234 222 3298 „Longe
246 3233 361 3296 diversa,
388 3233 485 3297 inquit,
509 3249 543 3285 ex
572 3239 616 3284 tua
652 3233 712 3298 quid
732 3229 960 3294 instandumque
977 3226 1048 3279 dere
1064 3226 1158 3304 illim

111 3303 215 3370 quidem
235 3303 375 3367 sententia,
402 3302 464 3354 lecit
482 3305 617 3367 Antonius,
651 3303 711 3355 milti
724 3305 814 3366 liceat,
828 3302 913 3353 malim
930 3299 1048 3365 equidem
1058 3295 1159 3367 aliquas

109 3373 171 3427 dum
189 3381 219 3426 tu
233 3373 361 3425 eius'eras
375 3372 523 3425 adsentator
542 3382 568 3427 et
582 3375 614 3425 ad
651 3371 865 3443 trarzssagiabat.

108 3447 227 3498 ultimum
246 3445 329 3507 diem,
352 3459 405 3508 quo
428 3459 486 3496 cum
514 3447 559 3498 illo
575 3446 615 3496 vi·
687 3466 728 3512 12,
744 3460 842 3530 adq...]
864 3461 894 3512 Α,
912 3465 993 3526 arque
1010 3455 1087 3508 PbR.

109 3517 204 3579 sebas,
223 3514 279 3566 eius
292 3515 359 3565 iacta
371 3513 475 3566 laudare
488 3515 615 3567 solebas.”
686 3552 730 3599 15·
747 3546 873 3614 Myms]
886 3546 938 3596 Ap·
957 3543 1095 3610 Amyntas
1105 3539 1157 3590 Μ.

109 3589 196 3642 Quam
208 3586 318 3636 absurda
334 3592 403 3636 esset
418 3585 536 3650 volgata,
554 3600 615 3636 sen·
803 3632 807 3642 ,
973 3629 978 3639 ,

687 3639 728 3686 15.
746 3631 848 3698 melior]
868 3634 898 3682 A.
918 3628 1026 3679 naeltara
1042 3627 1116 3680 PbR.

109 3664 180 3710 aetat
198 3659 275 3708 etiarn
300 3656 431 3715 Gelenius,
456 3656 502 3708 sed
527 3656 615 3706 sitium

110 3743 245 3797 perperam
262 3727 389 3794 quaesivit
405 3728 431 3778 in
449 3742 472 3777 v.
486 3724 615 3796 infanda.
642 3752 644 3756 ι
686 3725 729 3772 15.
750 3737 812 3770 nam
832 3717 862 3767 de
886 3718 947 3784 cet]
978 3718 1031 3769 AP.
1059 3715 1095 3765 Ut
1119 3717 1160 3762 est

145 3805 172 3851 t.
189 3797 266 3848 illam
283 3794 422 3862 arcebant]
442 3797 497 3848 AB.
516 3797 544 3847 in
566 3795 617 3845 illa
652 3793 677 3845 in
703 3807 799 3857 marg„
826 3789 930 3842 Rultnlt.
964 3790 989 3839 in
1027 3788 1159 3837 Aunotatt.

110 3867 264 3920 marcebant
283 3869 452 3920 vascosanus.
478 3866 527 3917 illa
546 3884 617 3917 mar·
653 3881 715 3914 nam
733 3861 850 3912 Deillius
875 3858 987 3927 exenaplt'
1010 3857 1054 3909 sni
1072 3865 1163 3933 terrun,

111 3938 205 3991 cebant
224 3939 301 3992 Pbtt.
654 3943 683 3984 ut
702 3951 719 3982 a
740 3930 881 3984 Dolabella
895 3929 932 3980 orl
945 3932 1092 3991 Caesarem,
1107 3941 1163 3974 aur-

148 4015 174 4062 8.
185 4009 343 4078 reges]APb.
353 4005 462 4075 remiges
471 4008 619 4077 Lipsius.R.
655 4023 705 4076 que
725 4004 838 4072 Lipsius.
853 4003 888 4055 R.
906 4000 977 4066 (iude
988 3999 1062 4050 iltius
1076 4014 1162 4048 exerra-

148 4087 176 4133 9.
194 4079 299 4142 triadica,
314 4096 346 4131 nc
365 4077 428 4140 reb]
448 4084 478 4132 A.
497 4081 562 4133 ltent
581 4081 621 4140 P..
653 4074 855 4146 pla'viraudna·
868 4070 1010 4125 Dolabella
1024 4065 1161 4143 virqnelt.)

112 4153 160 4205 nisi
180 4150 249 4218 quod
268 4150 410 4203 nroclicave.
429 4148 495 4205 ltsm
511 4152 562 4215 lb,
576 4150 620 4203 sed
695 4151 736 4199 ts.
752 4142 885 4214 pericula]
905 4148 934 4198 A.
949 4143 1070 4215 pericula
1085 4139 1161 4198 Pan.
1270 4168 1272 4173 ·
