2536 4590
524 174 813 273 ...4...’

115 382 261 448 condidit.
302 384 414 467 Neque
437 384 591 468 estquod
614 386 765 449 miremtm
785 391 824 450 ab
847 391 986 453 Homero
1009 392 1168 452 nominari

115 487 317 549 Corinthum:
346 508 419 549 nam
450 510 490 550 ex
521 511 657 569 persona
685 499 797 571 po'e'tae
834 506 864 553 et
886 495 966 552 banc
1001 496 1112 554 urbem
1135 510 1166 556 et

114 588 265 671 quasdam
287 592 399 652 Ionum
429 592 565 652 colonias
597 592 635 650 iis
658 593 837 654 nominibus
868 597 1018 674 appellat,
1050 597 1167 675 quibus

113 693 307 753 vocabantur
329 705 426 753 aetate
448 694 514 753 eins
538 693 636 752 multo
659 707 731 772 post
752 696 844 753 llium
867 709 990 774 captum
1013 697 1167 759 conditae.

80 803 97 852 1
197 794 253 855 IV.
296 795 501 854 Athenienses
524 795 558 853 in
576 793 713 870 Euboea¹
729 794 873 855 Chalcide
904 797 1089 877 Erethryam
1112 821 1184 861 co·5

7 914 19 930 ⁸
111 896 193 959 lonis
227 916 427 975 occupavere.
480 894 721 956 Lacedaemonii
755 899 787 957 in
820 899 926 958 Asiam
962 920 996 958 ac
1028 899 1169 961 Nesiam.

111 996 177 1057 Nec
198 998 297 1058 multo
319 1010 390 1076 post
405 995 622 1056 Chalcidenses
644 1000 723 1073 orti,
745 1009 780 1057 ut
804 999 1027 1078 praediximus,
1045 1003 1167 1076 Anicia,

110 1099 263 1179 Hippocle
286 1112 315 1160 et
343 1100 520 1178 hlegestene
553 1097 683 1159 ducibus
706 1098 821 1160 Cumas
850 1102 884 1160 in
905 1104 994 1164 ltalia
1016 1102 1164 1164 condide-

110 1214 195 1263 runt.
238 1202 340 1264 Huius
364 1202 468 1263 classis
490 1221 617 1262 cursum
640 1222 706 1262 esse
737 1200 889 1262 directum
919 1205 971 1263 alii
1000 1206 1162 1263 columbae

110 1301 318 1365 antecedentis
340 1307 448 1367 volatu
470 1305 593 1378 ferunt,
617 1303 670 1361 alii
687 1315 841 1361 nocturno
864 1305 943 1362 aeris
968 1324 1056 1377 sono,
1083 1326 1198 1382 qua-m

77 1406 145 1467 zlis
167 1405 347 1481 Cerealibus
365 1405 459 1464 sacris
475 1401 550 1461 cieri
565 1402 653 1460 solet.
695 1402 771 1460 Pars
787 1402 901 1460 horum
920 1403 1033 1464 civium
1046 1423 1158 1478 magno

110 1519 183 1588 post
202 1507 367 1568 intervallo
389 1504 555 1584 Neapolim
570 1501 718 1563 condidit.
759 1502 930 1583 Utriusque
943 1504 1029 1564 urbis
1046 1504 1160 1563 eximia

109 1629 232 1689 semper
251 1609 286 1668 in
305 1608 465 1669 Romanos
486 1604 561 1667 fides
584 1605 657 1666 facit
679 1624 729 1665 eas
751 1606 913 1665 nobilitate
935 1617 1028 1686 atque
1056 1625 1161 1664 amoe-

109 1710 205 1770 nitate
229 1730 285 1771 sua
306 1708 509 1788 dignissimas.
553 1703 616 1768 Sed
648 1706 715 1767 aliis
748 1704 925 1784 diligentior
954 1710 1033 1768 ritus
1067 1707 1161 1786 patrii

108 1814 224 1874 mansit
248 1811 406 1874 custodia:
439 1810 596 1873 Cumanos
626 1808 706 1873 Osca
733 1809 863 1870 mutavit
893 1810 1015 1871 vicinia.
1065 1811 1158 1870 Vires
1171 1836 1196 1873 15

111 1928 215 1976 autern
236 1928 356 1977 veteres
382 1935 489 1974 earum
512 1915 638 1975 urbium
658 1913 816 1992 hodieque
832 1911 1013 1989 magnitudo
1028 1924 1162 1973 ostentat

75 2017 280 2078 dmoeniurn.
323 2013 532 2093 Subsequenti
563 2027 703 2092 tempore
731 2033 842 2090 magna
869 2014 916 2075 vis
943 2014 1079 2073 Graecae
1111 2015 1162 2074 iu-

108 2120 244 2180 ventutis
266 2114 456 2178 abundantio
477 2115 592 2177 virium
615 2112 703 2176 sedes
726 2115 904 2195 quaeritans
933 2116 967 2175 in
994 2116 1099 2176 Asiam
1128 2137 1160 2176 se

110 2217 233 2279 effudit.
253 2239 326 2277 nam
348 2229 378 2278 et
399 2213 492 2279 Iones
517 2215 595 2279 duce
620 2216 696 2277 Ione
708 2216 842 2296 profecti
860 2216 990 2276 Athenis
1003 2217 1161 2276 nobilissi-

108 2339 191 2382 mam
213 2332 333 2400 partem
351 2319 487 2397 regionis
509 2319 682 2380 maritimae
710 2340 917 2399 occupavere,
948 2341 1028 2401 quae
1049 2319 1196 2385 hodie-20

109 2442 170 2504 quo
192 2423 366 2502 appellatur
387 2422 491 2496 Ionia,
515 2423 671 2503 urbesque
694 2423 881 2483 constituere
902 2423 1076 2501 Ephesum,
1097 2425 1161 2484 Mi-

108 2525 221 2601 lotum,
245 2523 448 2604 Colophona,
473 2525 624 2600 Prienen,
656 2524 835 2601 Lebedum,
867 2524 1048 2605 Myuntem,
1079 2524 1161 2604 Ery-

107 2627 228 2700 thram,
263 2625 482 2700 Clazomenas,
522 2626 712 2702 Phocaeam,
753 2628 930 2707 multasque
963 2627 997 2686 in
1035 2628 1159 2704 Aegaeo

107 2741 201 2813 atque
220 2728 319 2792 Icario
337 2749 525 2809 occupavere
545 2730 677 2805 insulas,
700 2727 845 2804 Samum,
866 2727 988 2803 Chium,
1005 2727 1160 2804 Andrum,

75 2835 244 2908 tTenum,
278 2834 433 2910 Pharum,
466 2832 582 2893 Delum
615 2833 753 2913 aliasque
792 2831 954 2908 ignobiles.
1005 2829 1046 2892 Et
1081 2850 1195 2894 moxas

107 2936 209 2996 Aeolii
236 2935 342 2995 cadem
367 2936 499 3016 proiecti
524 2934 655 2996 Graecia
679 2932 927 3015 longissimisque
956 2932 1015 2992 acti
1045 2932 1160 2993 errori-

107 3039 166 3097 bus
197 3056 262 3096 non
293 3036 396 3095 minus
416 3037 564 3097 inlustras
594 3038 798 3099 obtinuerunt
817 3037 903 3097 locos
927 3036 1086 3115 clarasque
1105 3054 1159 3093 nr-

106 3141 162 3199 bos
183 3135 407 3210 condiderunt,
432 3135 618 3217 Smyrnam,
640 3139 779 3218 Cymen,
801 3137 977 3205 Larissam,
998 3136 1159 3216 Myrinam

106 3238 352 3318 lllytilonemque
375 3248 405 3296 et
427 3237 501 3297 alias
524 3239 631 3312 urbes,
654 3259 734 3319 quas
762 3250 836 3296 sunt
859 3236 893 3296 in
912 3236 1017 3300 Lesbo
1044 3239 1158 3300 insula.

22 3386 27 3393 ·
179 3360 204 3408 b.
222 3354 345 3408 Chalcida
365 3361 392 3407 at
409 3353 538 3407 Eretriam
575 3360 600 3407 6.
619 3355 643 3405 in
663 3355 723 3407 Asia
743 3355 904 3419 Magnesiam
941 3359 966 3408 8.
986 3355 1157 3423 Megasthene

108 3428 150 3479 14.
169 3426 220 3478 illis
255 3430 298 3478 22.
319 3426 469 3492 Myuotem‚
488 3425 588 3490 Teum,
610 3424 748 3517 h'gythram
785 3429 828 3476 25.
847 3426 943 3477 Parum

141 3535 166 3583 b.
188 3527 312 3580 Chalcida
336 3527 509 3596 Erathryarrr]
536 3529 612 3581 Prin·
647 3531 710 3581 tium
735 3533 767 3594 5,
795 3534 836 3583 ts.
870 3545 916 3597 pro
950 3537 1024 3582 recto
1058 3530 1157 3600 Confer

106 3617 168 3668 ceps
188 3603 276 3668 prlma.
312 3599 441 3651 Chalcida
459 3599 613 3650 Erathriam
647 3600 715 3649 enim
732 3599 823 3649 divina
841 3599 954 3651 aliorum
972 3610 1077 3670 reperta
1091 3618 1157 3655 non-

106 3671 231 3737 Prlncsps
243 3674 332 3723 altera.
369 3669 497 3721 Chalcida
506 3679 533 3720 et
544 3671 614 3720 Ere·
648 3672 710 3722 nulli
726 3669 840 3722 illorum.

105 3740 186 3791 triam
204 3743 228 3793 h.
254 3739 397 3804 Chalcida,
422 3741 556 3791 Eretriam
578 3742 613 3794 R.
684 3745 726 3793 17.
746 3741 871 3807 Graecae]
889 3741 965 3794 BbR.
986 3739 1112 3792 Graeciae
1123 3743 1155 3796 P.

141 3814 166 3860 6.
183 3810 212 3860 ia
231 3810 327 3861 Asiam
345 3827 378 3860 ae
397 3810 515 3877 Nasium]
539 3814 568 3864 P.
583 3810 613 3862 in
683 3815 726 3863 22.
745 3811 897 3879 Myunterrr]
915 3813 990 3880 Pbli.
1005 3815 1156 3881 Myuntenn

104 3878 176 3931 Asia
195 3880 364 3947 Magnesiam
381 3880 433 3931 bR.
651 3885 733 3934 Teum
751 3883 865 3934 Vossius.

139 3954 165 4000 8.
173 3949 335 4019 Megestone]
343 3950 374 4001 P.
382 3948 555 4016 Megasthene
562 3950 613 4002 btt.
684 3957 728 4005 25.
746 3952 878 4019 Pharum}
898 3954 929 4005 P.
947 3954 1050 4002 Parum
1067 3952 1118 4008 bll.

141 4022 184 4072 14.
209 4020 282 4085 aliis]
320 4018 393 4071 Pblt.
426 4017 481 4067 iltis
508 4018 613 4069 Rultnlt.
683 4027 727 4075 28.
746 4024 894 4088 Larissam]
909 4023 965 4073 PR.
979 4023 1155 4076 Antissamb.

105 4087 174 4140 Nihil
201 4088 360 4154 sreqttentius
384 4088 430 4140 hac
454 4088 612 4152 confusione,
682 4096 726 4143 29.
746 4090 964 4159 Myribnemqae]
990 4093 1038 4144 Pb.
1065 4093 1155 4160 Mity-

90 4160 184 4216 =etlam
202 4159 227 4212 in
241 4161 332 4228 postis.
369 4160 415 4212 sio
428 4159 495 4228 apud
512 4159 611 4212 Lucre·
646 4156 775 4234 laneaque
783 4163 817 4214 R.
835 4161 1153 4216 lbid.del.urbesRulmk.
