2536 4590
460 182 747 258 ·-89-

88 389 205 440 auctor
225 375 328 438 extitit
351 375 536 458 nequiitque
557 384 682 436 senatus
704 385 734 435 et
757 374 938 439 auctoritate
959 374 1072 441 COSS.
1094 375 1148 437 de·

68 479 223 554 -serreri,
248 479 343 540 accito
372 479 466 539 etiam
495 477 617 538 Milone
646 477 770 549 Annio,
800 477 855 560 qui
884 500 949 541 non
980 480 1149 565 imperator

88 578 194 641 reditu
217 580 347 640 Iulianis
370 579 512 661 partibus
533 579 664 640 infestus
689 591 770 654 erat,
795 580 830 640 in
859 584 937 642 urbe
968 580 1149 643 seditionem

88 681 180 744 haud
206 682 303 760 magis
337 684 455 744 occulte
488 681 635 741 bellicum
667 682 836 741 uunultum
869 702 1015 760 movens,
1047 681 1149 762 primo

91 794 268 845 summotus
287 803 305 842 a
327 803 413 863 rep„
435 804 511 845 mox
535 784 751 845 consularibus
774 785 867 844 armis
892 798 1017 846 auctore
1040 793 1171 845 senatu⁵

56 887 176 949 scires
194 885 311 947 Turios
340 905 507 967 oppressus
530 898 585 947 est.
627 886 755 966 Incepto
787 887 857 967 pari
886 887 994 949 similis
1024 888 1152 949 fortuna

91 987 224 1048 Milonis
245 987 315 1049 luit.
345 990 402 1070 qui
424 987 592 1069 Compsam
612 986 646 1047 in
667 987 782 1068 Irpinis
806 1008 991 1069 oppugnans
1009 990 1151 1072 ictusque

91 1087 198 1169 lapide
223 1099 290 1149 tum
313 1092 349 1151 P.
370 1089 501 1165 Clodio,
522 1101 590 1150 tum
610 1090 746 1170 patriae,
776 1112 871 1172 quam
893 1091 985 1152 armis
1015 1093 1152 1171 petebat»

91 1211 213 1270 poenas
250 1189 351 1269 dedit,
382 1193 433 1255 vir
467 1190 591 1271 inquies
631 1202 661 1251 et
691 1192 774 1251 ultra
809 1192 922 1252 fortem
958 1190 1150 1252 temerarius.

57 1290 256 1365 ⁴Quetenns
277 1304 381 1354 autem
412 1291 597 1375 aliquidex
619 1292 739 1354 omissis
765 1304 855 1373 peto,
883 1305 1010 1354 notetur
1037 1293 1150 1353 immo·
1161 1310 1188 1346 10

91 1393 164 1455 dics
187 1405 217 1455 et
240 1394 459 1475 intempestiva
479 1396 621 1456 libertate
642 1414 717 1467 usos
748 1393 897 1456 adversus
930 1394 965 1456 G.
988 1393 1151 1455 Caesarem

90 1496 267 1559 Marullum
287 1495 434 1578 Epidium
453 1496 648 1577 Flauumque
670 1494 845 1558 Caesetium
877 1497 944 1558 TR.
972 1495 1053 1570 PL.,
1076 1494 1151 1555 dum

92 1609 229 1676 arguunt
250 1596 284 1657 in
306 1618 344 1659 eo
368 1601 455 1677 regni
480 1600 689 1673 voluntatem,
716 1618 816 1676 paene
845 1600 909 1659 vim
932 1598 1152 1659 dominationis

59 1711 255 1779 5expertos.
274 1700 309 1759 in
337 1701 397 1761 hoc
430 1711 534 1760 tamen
563 1719 655 1779 saepe
688 1700 821 1760 lacessiti
853 1700 1003 1779 principis
1027 1701 1075 1759 ira
1097 1721 1152 1759 ex-

94 1799 205 1876 cessit,
225 1811 262 1860 ut
283 1802 425 1863 censoria
448 1803 554 1881 potius
576 1812 770 1880 contemptus
800 1813 874 1860 nota
897 1821 992 1882 quam
1012 1800 1189 1861 animad-15

92 1900 241 1965 versione
275 1900 437 1965 dictatoria
467 1912 680 1964 summoveret
702 1921 755 1962 eos
778 1924 797 1963 a
823 1922 891 1982 rep.
926 1913 1153 1983 testareturque

94 2023 164 2065 esse
184 2002 245 2065 sibi
273 2003 499 2083 miserrimum,
530 2003 616 2087 quod
644 2016 698 2065 aut
725 2017 838 2066 natura
868 2026 922 2066 sua
949 2005 978 2064 ei
1000 2003 1154 2065 exceden-

92 2106 173 2168 dum
196 2105 279 2167 foret
298 2118 353 2167 eut
373 2106 543 2170 minuenda
566 2106 707 2188 dignitas.
749 2106 811 2168 Sed
835 2106 874 2168 ad
890 2105 1031 2168 ordinem
1047 2127 1154 2168 rever·

24 2226 30 2235 ’
93 2204 227 2269 tendum
251 2218 308 2269 est.

59 2346 76 2396 l
180 2326 301 2388 LXIX.
341 2328 408 2389 lam
430 2340 460 2389 et
480 2327 646 2390 Dolabella
664 2326 698 2388 in
716 2326 790 2389 Asia
811 2325 845 2390 C.
863 2324 1059 2386 Trebonium
1076 2345 1190 2387 con-20

93 2431 251 2508 solerem,
275 2427 326 2490 cui
348 2430 549 2509 succedebat,
572 2429 683 2493 fraude
704 2431 869 2512 deceptum
888 2430 1047 2509 Zmyrnae
1073 2430 1154 2489 occi-

169 2616 195 2667 1.
221 2617 325 2666 senatos
353 2615 472 2666 consulto
499 2620 526 2667 et
557 2615 712 2667 anctoritate
730 2614 841 2666 consulis
884 2616 910 2664 2.
938 2628 988 2663 non
1015 2613 1153 2680 impetrato

94 2690 124 2738 8.
143 2684 314 2748 seditionem,
331 2690 359 2736 st
383 2686 410 2736 in
428 2687 499 2750 egris
518 2687 621 2738 occulte
656 2689 682 2738 6.
701 2684 814 2737 Thurios
850 2684 1014 2752 stirpitus
1051 2688 1077 2735 s.
1096 2698 1154 2735 cum

94 2757 129 2809 P.
150 2754 246 2807 clodio
281 2758 326 2808 15.
344 2754 463 2808 discessit
499 2759 696 2810 lacessentes

131 2901 160 2952 t.
174 2896 606 2963 nnasnsetauctoritatecoss]
678 2899 703 2948 9.
724 2894 838 2964 sortem]
866 2895 925 2946 BR.
958 2902 1055 2945 sortem
1080 2895 1153 2948 APls.

93 2968 129 3021 A.
156 2967 214 3032 (sed
238 2966 396 3037 consulum.)
422 2969 472 3023 Pb.
498 2969 533 3022 tt.
561 2968 609 3037 sed
641 2965 692 3017 Est
708 2968 834 3018 sententia
847 2982 908 3018 vere
926 2965 1073 3018 Velleiens=
1092 2967 1155 3031 „qui

94 3040 187 3100 008..
210 3043 240 3090 ut
262 3039 298 3089 sit
325 3037 456 3090 coticulis:
482 3039 607 3104 (Servilii,
642 3038 716 3088 fortis
730 3037 832 3102 quidem
846 3044 910 3101 eret,
923 3036 969 3087 sed
983 3037 1154 3100 its,utteme-

93 3110 142 3177 qni
160 3124 227 3161 unus
239 3105 307 3161 ‘tunc
324 3109 351 3160 in
369 3110 434 3162 urbe
452 3117 524 3174 erst3
542 3125 608 3176 quo·
644 3109 726 3161 terius
743 3124 824 3177 prope
843 3109 892 3159 dici
912 3106 1026 3174 posset.‘'

93 3178 178 3233 modo
202 3179 365 3232 scribendum
388 3180 453 3231 vidit
482 3181 609 3249 Lipsius.)
682 3198 725 3248 10,
736 3194 1154 3264 peto]APbli.repetol-Ieinsius.

93 3256 212 3331 ’ΨΜ
230 3249 352 3331 ⁶⁰mi¹lt⁰
368 3250 407 3315 (3⁸
423 3252 500 3316 G.)et
515 3260 613 3302 ‘mm'
684 3283 911 3349 lucrensium]
951 3282 1027 3335 Bbtt.
1075 3286 1154 3334 Caere

94 3326 185 3373 ntate
197 3319 313 3372 consuhs
323 3322 355 3373 0.
374 3321 498 3385 (senatus
508 3331 536 3372 et
549 3339 611 3372 con·
646 3354 729 3405 etl-am
745 3356 800 3406 ΑΡ.

93 3388 169 3443 sulis
184 3391 350 3443 auctoritate
369 3391 485 3443 Cluilius.
499 3401 612 3444 senatus
839 3439 845 3451 ,
1018 3439 1023 3451 .
1097 3439 1103 3448 ,

93 3460 266 3513 auctoritate
282 3470 310 3511 et
325 3464 417 3515 coss,
435 3462 472 3528 b.)
684 3446 726 3493 15.
745 3441 868 3505 essesut]
881 3440 979 3492 APbR.
995 3439 1156 3491 dsscessstO.

131 3536 162 3584 2.
178 3530 335 3599 imperator]
348 3535 381 3586 A.
398 3532 542 3602 impetrato
552 3532 612 3587 PR,
647 3513 695 3578 (Ut
710 3512 789 3578 volgo
806 3511 900 3561 dicitur
916 3511 944 3558 in
963 3508 1079 3557 alicuius
1095 3524 1155 3557 sen-

647 3582 760 3633 tentiam
791 3580 937 3642 discedere,
974 3579 1012 3627 sio
1039 3578 1156 3628 Velleius

646 3667 713 3704 nova
722 3666 801 3715 ssepe
808 3654 914 3716 ceptsns
923 3648 1060 3699 Caesarem
1071 3648 1155 3714 ipsum

92 3742 206 3812 Lipsius
224 3743 612 3814 etliuhnlsautmagisliho-
646 3738 672 3774 ¹¹¹
691 3721 858 3805 spntentism,
877 3734 953 3785 quem
978 3717 1073 3797 refert,
1100 3717 1155 3767 dis-

92 3828 192 3869 nanns·
208 3812 236 3865 lt.
647 3810 755 3844 cessure
780 3791 851 3843 dicu.
887 3791 1009 3839 Excessit
1029 3794 1155 3839 autemst

130 3889 162 3939 θ.
182 3883 291 3949 flarius]
310 3884 382 3937 APb.
404 3883 519 3937 Thurios
537 3885 572 3938 η,
646 3864 789 3917 sententiae
803 3862 851 3931 ipsi
869 3862 1019 3914 adversetur
1032 3865 1059 3909 et
1070 3863 1155 3910 ortum

19 4000 25 4011 .
131 3960 163 4007 ’1.
190 3954 305 4023 irpinis]
342 3955 441 4009 stu.
483 3954 609 4025 Hirpini,
644 3935 747 3988 videtur
765 3949 865 3998 exseq.
883 3928 1078 3992 excedendum.)

92 4024 219 4079 eludllss·
313 4074 317 4081 .
692 4027 735 4074 15.
753 4017 929 4089 contemptus]
961 4015 1016 4069 ΑΒ.
1051 4024 1159 4068 conten-

129 4100 161 4149 8.
180 4103 241 4147 tuns
258 4099 292 4149 P.
311 4095 412 4165 eladio]
432 4096 530 4152 sttt.
551 4113 611 4148 cuns
646 4105 692 4147 tur
709 4093 785 4146 Pois.

92 4170 129 4221 P.
151 4164 246 4219 Clodio
263 4168 296 4221 0.
681 4169 725 4216 21.
749 4157 1156 4229 Zmyrisoeld.SmyrnnePbR.

93 3602 240 3671 (imperato
256 3602 295 3669 b.)
342 3652 346 3659 ,
412 3632 417 3639 ·

131 3676 162 3726 4.
179 3670 260 3723 haud
269 3671 366 3742 magis]
379 3675 433 3727 ΑΡ.
449 3681 480 3723 nt
493 3671 522 3724 in
536 3670 612 3742 agris
