2536 4590
499 249 543 263 -
596 201 778 286 idd-

108 399 220 480 tegitis.
261 399 309 462 Μ.
329 393 479 460 Aemilius
499 392 640 456 omnium
659 391 884 475 flagitiosorum
903 409 1079 480 postremus
1097 400 1205 481 qt!

1 559 6 571 ,
108 501 200 582 peior
220 499 269 562 aN
298 498 441 580 ignavior
471 496 520 559 sit.
547 493 714 558 deliberari
744 518 811 562 non
839 511 952 581 potest.
983 500 1205 563 exeram*

109 601 333 686 opprimendae
361 601 509 663 libertatis
535 599 630 662 habet
658 611 690 659 et
715 612 926 683 aecontempto
951 602 1205 666 metuendutffl

110 706 213 769 affecit
247 725 304 770 vos
335 716 506 766 mussantes
538 713 570 763 et
601 713 801 765 retractantes
839 705 945 768 verbis
981 718 1012 768 et
1048 713 1205 770 vannid

109 808 253 872 carminis
274 828 383 889 pacem
405 803 516 887 optatis
539 802 634 882 magis
657 825 751 886 quam
773 803 936 870 defenditis
957 806 1038 891 Neq.
1063 808 1205 869 intelae

108 911 207 990 legitis
227 910 358 972 mollitia
382 907 575 969 decretorum
596 905 687 968 vobis
706 903 885 984 dignitatem
904 910 951 971 illi
970 922 1090 971 metum
1102 909 1200 973 deae

107 1013 191 1073 nahi
212 1022 305 1092 atque
328 1007 362 1070 id
382 1009 459 1070 iure.
482 1006 631 1089 quoniam
652 1027 693 1067 ex
712 1008 831 1089 rapinis
849 1013 1045 1074 consulatum
1067 1018 1181 1077 obse⁶

108 1109 259 1174 ditionem
281 1111 472 1194 provinciam
497 1131 568 1170 cum
597 1111 737 1171 exercitu
770 1111 899 1192 adeptus
929 1127 975 1176 est
1002 1115 1081 1198 quid
1104 1119 1201 1179 ille·

109 1214 305 1278 obbenefacti
324 1215 450 1295 cepisset
474 1211 561 1273 cuius
585 1212 723 1274 scelerib.
741 1222 828 1275 tanta
845 1215 985 1296 praemia
994 1218 1164 1282 tribuistis.

76 1331 141 1384 sat
162 1318 279 1381 scilicet
309 1336 362 1378 eos
391 1316 445 1399 qui
477 1313 517 1375 ad
546 1327 738 1394 postremum
768 1335 867 1398 usque
899 1318 1017 1396 legatos
1049 1341 1159 1400 pacem
1173 1331 1203 1374 10

109 1418 307 1484 concordiam
327 1428 358 1479 et
378 1419 438 1476 alia
456 1414 673 1476 huiuscemodi
693 1415 895 1482 decreverunt
907 1421 1037 1498 gratiam
1054 1424 1157 1486 habeo

108 1521 266 1604 peperisse
287 1521 383 1580 immo
406 1517 540 1597 despecti
569 1529 600 1578 et
620 1515 739 1596 indigni
765 1519 803 1581 R.
829 1522 865 1582 P.
893 1523 992 1584 habiti
1023 1523 1158 1604 praedae

108 1626 178 1686 loco
200 1621 412 1684 aestimantur.
435 1620 551 1702 quippe
572 1629 657 1680 metu
677 1639 785 1698 pacem
808 1634 985 1702 repetentes
1015 1647 1080 1706 quo
1103 1628 1159 1686 ha·
1186 1678 1190 1690 .

108 1722 206 1787 bitam
229 1724 405 1784 amiserant.
429 1719 572 1803 equidem
593 1742 612 1781 a
632 1721 787 1801 principio
810 1743 880 1784 cum
899 1723 1060 1787 Etruriam
1085 1747 1159 1789 con·

108 1828 215 1890 iurare
243 1825 434 1907 proscriptos
463 1823 577 1886 accersi
598 1824 813 1904 largitionibus
834 1825 872 1887 R.
893 1828 930 1890 P.
955 1827 1091 1890 lacerari
1112 1829 1187 1892 vi-ts

110 1929 223 1991 debam
242 1925 462 1988 maturandum
482 1927 630 2007 putabam
652 1938 683 1987 et
706 1924 809 1987 Catuli
830 1927 959 1990 consilia
983 1950 1056 1991 cum
1080 1952 1162 2012 pau·

42 2066 47 2073 ·
78 2031 154 2097 scis
175 2041 297 2090 secutus
320 2048 398 2089 sum.
430 2039 565 2089 ceterum
595 2028 641 2089 illi
670 2028 725 2112 qui
753 2028 851 2107 gentis
882 2029 1034 2094 Aemiliae
1063 2035 1163 2095 bene-

111 2136 192 2198 facta
213 2131 405 2193 extollebant
420 2141 451 2191 et
464 2130 651 2209 ignoscendo
666 2134 701 2206 P.
714 2132 753 2192 R.
770 2131 1014 2210 magnitudinem
1037 2136 1164 2198 auxisse

110 2237 276 2317 Nusquam
306 2235 400 2294 etiam
433 2245 501 2295 tum
530 2231 685 2315 Lepidum
709 2251 908 2314 progressum
931 2235 1068 2299 aiebant.
1092 2258 1165 2299 cum

110 2337 234 2419 privata
257 2357 344 2395 mma
373 2333 596 2414 opprimendae
614 2336 763 2398 libertatis
786 2337 924 2418 cepisset.
965 2336 1036 2398 Sibi
1056 2339 1163 2422 quisq.
1171 2366 1199 2408 ea

114 2457 190 2519 opes
212 2447 266 2498 aut
287 2435 460 2515 patrocinia
490 2434 669 2517 quaerendo
700 2438 864 2502 consilium
896 2438 1059 2520 publicum
1095 2461 1167 2503 cor·

80 2540 280 2621 Ssuperunt.
312 2548 344 2598 at
376 2549 443 2598 tum
472 2551 538 2599 erat
558 2535 697 2618 Lepidus
728 2543 807 2603 latro
842 2561 914 2601 cum
943 2540 1108 2603 calonibus
1136 2554 1168 2604 et

113 2642 220 2725 paucis
242 2638 359 2702 sicariis
381 2660 516 2721 quorum
537 2639 639 2701 Nemo
668 2637 779 2702 diurna
808 2640 951 2704 mercede
972 2642 1071 2710 vitam
1094 2666 1168 2707 mu·

113 2743 238 2808 laverit.
278 2741 419 2803 Nnncest
434 2762 492 2821 pro
516 2740 604 2806 COS.
626 2762 697 2802 cum
724 2741 854 2822 imperio
885 2743 961 2806 Non
985 2757 1092 2827 empto
1112 2746 1168 2810 sed

116 2845 188 2910 dato
210 2842 439 2907 archiacum
466 2843 572 2921 legatis
593 2839 694 2904 adhuc
714 2841 783 2902 iure
804 2846 956 2924 parentib.
981 2845 1072 2908 etad
1094 2870 1204 2918 euntes

188 3033 217 3083 s.
241 3042 270 3081 se
295 3042 311 3080 e
335 3030 484 3092 contempto
524 3027 551 3077 4.
573 3028 757 3086 retractantes,
789 3026 873 3078 verbis
896 3032 925 3081 et
948 3033 1036 3082 vatum
1071 3033 1169 3085 carmi-

118 3101 193 3154 nibus
213 3113 304 3166 pacem
349 3102 376 3149 τ.
401 3095 435 3147 ob
455 3094 605 3146 seditionem
648 3099 673 3146 9.
693 3095 727 3145 ob
743 3092 891 3150 benefacta
926 3101 971 3154 11,
992 3099 1025 3152 ab
1052 3114 1085 3154 eo
1124 3105 1169 3156 ιο,

119 3170 208 3238 populi
230 3167 343 3222 Romani
377 3168 421 3218 24.
440 3164 517 3217 Nunc
535 3169 575 3215 est
592 3165 760 3229 proconsule

157 3337 281 3376 conclus.
319 3325 343 3370 1.
361 3316 455 3387 regitis
490 3320 516 3367 4.
534 3324 714 3368 retractantes
731 3316 818 3370 verbis
835 3327 862 3368 et
880 3327 974 3370 vatum
996 3321 1171 3382 carminibus,

187 3409 280 3463 pacem
324 3393 367 3442 10.
385 3388 428 3440 At
444 3384 546 3438 scilicet
563 3385 583 3434 it
620 3390 663 3438 15.
681 3387 805 3439 accersiri
838 3391 882 3440 22.
899 3396 1020 3442 attamen
1035 3400 1098 3445 erat

159 3542 183 3591 1.
202 3533 305 3606 tegitis]
324 3532 369 3585 Sic
387 3530 471 3586 Vatic.
492 3543 548 3596 pn,
565 3527 627 3591 (non
661 3542 702 3579 vv.
721 3525 753 3577 ob
772 3525 834 3579 bene
851 3528 930 3598 facti
946 3528 1043 3583 excidit
1061 3548 1173 3591 accusa-

121 3610 203 3662 solum
222 3606 332 3670 tertius.)
351 3602 450 3670 Heysio
467 3602 494 3653 iu
512 3598 628 3664 margine
663 3598 744 3662 tirus,
763 3605 793 3650 ut
809 3600 937 3669 gratiam.

122 3677 299 3731 adscribentes
318 3674 395 3739 „Non
420 3668 539 3741 regitis.”
562 3683 628 3733 quae
701 3666 743 3721 1'1.
756 3675 805 3718 'soa
822 3696 857 3708 -
873 3696 909 3708 -—
932 3667 1016 3720 habeo
1026 3672 1175 3741 peperisse]

122 3751 225 3814 volgata
244 3752 285 3798 est
307 3746 385 3796 lectio
407 3744 457 3793 iam
482 3737 628 3792 reiicienda.
663 3737 762 3790 Firmat
781 3739 864 3791 Vatia.
883 3755 923 3806 pr.
935 3739 996 3790 lect.
1010 3746 1111 3792 rectum
1128 3757 1177 3818 pro

158 3823 185 3872 ⁶.
208 3813 344 3878 carminis]
373 3811 445 3864 ldem
464 3824 535 3862 error
555 3813 630 3859 nota-
665 3807 762 3857 Cottii:
787 3806 859 3854 ii-
877 3835 912 3847 -
936 3806 971 3858 ab
990 3825 1021 3858 eo
1037 3824 1179 3927 perpensae

123 3889 261 3941 teretium
280 3901 295 3937 a
316 3877 604 3943 Vaticanoliongarsii.
665 3881 693 3925 et
718 3875 844 3925 alloruma
868 3875 890 3923 ir'
903 3901 938 3912 -
960 3901 998 3913 -
1016 3893 1034 3927 a
1078 3894 1110 3928 eo
1127 3895 1178 3946 pc.

159 3962 185 4010 9.
204 3952 381 4022 obbenefactr']
398 3951 482 4002 Mirus
499 3961 585 4009 error,
603 3946 630 3995 iu
662 3959 762 4012 perere.

124 4040 176 4092 quo
193 4026 304 4077 fortasse
325 4025 388 4073 latet
415 4024 518 4086 praeter
540 4032 580 4067 vr.
599 4011 632 4063 ob
700 4015 744 4064 24.
763 4028 812 4078 pro
833 4011 915 4076 COS.]
935 4011 995 4079 lpsa
1021 4013 1086 4067 haec
1109 4018 1179 4069 sert.

125 4094 186 4145 bens
207 4094 292 4161 sacta
316 4090 444 4158 genitivus
469 4088 496 4139 in
514 4085 524 4135 i
542 4084 632 4137 exieris
666 4087 742 4148 ptura
755 4081 883 4146 significat
896 4082 1033 4146 legasset
1047 4101 1100 4154 pro
1112 4103 1178 4139 con.

124 4163 304 4234 pertinereque
322 4162 354 4216 ad
372 4178 395 4214 v.
414 4157 481 4230 quid
503 4157 544 4209 rel
573 4156 632 4222 post
665 4151 739 4217 sule,
758 4165 809 4204 nou
818 4150 970 4219 proconsul.
1048 4195 1059 4203 ,
