2536 4590
508 170 788 293 ζωθ-

104 405 239 471 rebellis
272 402 311 466 ad
341 415 456 469 certam
489 403 717 468 confessionem
738 416 848 487 pacata
874 419 920 470 est
941 406 1075 491 imperii.
1110 413 1165 474 Al·

103 530 163 592 pes
194 508 272 570 feris
299 508 469 591 multisque
494 507 675 569 nationibus
708 510 844 570 celebres
867 509 1001 590 perdo.
1051 513 1166 595 Hispa·

104 612 180 675 niae
200 632 288 673 nunc
306 610 406 693 ipsius
426 609 616 690 praesentia,
638 629 721 669 nunc
746 610 917 692 Agrippae,
946 634 1041 695 quem
1064 635 1165 698 usque

104 715 142 778 in
163 712 295 775 tertium
318 715 513 775 consulatum
536 724 568 774 ot
588 732 664 774 mox
685 715 848 794 collegium
868 714 1050 778 tribunitiae
1075 732 1165 798 pote·

105 814 194 879 statis
219 802 355 877 amicitia
382 816 534 897 principis
562 828 724 894 evexerat,
741 817 849 878 multo
879 817 1031 900 varioque
1060 820 1182 883 lllartes

70 931 249 1001 apacatae.
291 919 329 979 In
351 908 428 999 quas
449 917 627 997 provincias
648 939 719 979 cum
739 918 830 980 initio
854 919 1000 1000 Scipione
1022 933 1053 983 et
1074 920 1164 984 Sem·

103 1022 224 1102 'pronio
245 1020 357 1098 Longo
380 1017 492 1083 COSS.
512 1020 615 1099 primo
640 1039 723 1082 anno
752 1019 879 1083 secundi
910 1023 1021 1084 Punici
1049 1025 1163 1085 abhinc

105 1144 194 1186 anno
218 1142 282 1184 cci..
302 1122 438 1184 Romani
459 1121 614 1182 exercitus
635 1121 807 1199 misissent,
829 1123 907 1185 duce
929 1123 988 1187 Cn.
1013 1125 1162 1207 Scipione

103 1224 251 1286 Africani
270 1234 384 1305 patruo
409 1245 467 1304 per
489 1242 588 1285 annos
609 1243 654 1284 cc.
672 1224 706 1283 in
727 1224 787 1285 hiis
808 1228 907 1288 multo
925 1239 1100 1310 mutuoque
1119 1229 1162 1290 ita

103 1336 261 1388 certatum
283 1337 329 1387 est
349 1325 515 1405 sanguine,
547 1337 583 1387 ut
610 1326 729 1388 amissis
761 1323 893 1390 Praetor
921 1327 1162 1410 imperatoribus
1172 1351 1199 1388 to

104 1427 359 1512 exercitibusque
382 1448 473 1507 saepe
496 1430 698 1504 contumelia,
721 1431 815 1492 etiam
833 1451 1063 1514 nonnunquam
1077 1433 1163 1514 peri·

69 1532 215 1596 sculum
235 1530 379 1592 Romano
399 1530 570 1592 inferretur
585 1520 736 1615 imperio.
777 1535 852 1594 Illae
874 1534 959 1595 enim
981 1535 1162 1617 provinciae

104 1631 271 1712 Scipiones
293 1645 570 1713 consumpserunt3
589 1635 661 1695 illae
683 1637 908 1698 contumelioso
929 1657 985 1696 xx.
1006 1660 1162 1702 annorum

103 1735 194 1796 bello
210 1722 268 1796 sub
283 1733 363 1796 duce
382 1736 527 1797 Viriatho
548 1736 682 1799 maiores
701 1749 826 1798 nostros
843 1751 1067 1817 exercuerunt3
1090 1740 1161 1799 illae

101 1849 231 1899 terrore
267 1836 454 1899 Numantini
487 1838 560 1898 belli
592 1838 746 1918 populum
780 1838 818 1898 R.
849 1851 1093 1916 concusserunt3
1127 1841 1196 1900 ints

101 1939 168 2000 illis
191 1950 285 2020 turpe
308 1936 346 2014 Q.
370 1939 502 2020 Pompei
522 1936 634 2001 foedus
661 1938 847 2021 turpiusque
873 1940 1013 2001 Mancini
1037 1952 1162 2001 senatus

101 2062 180 2103 cum
200 2041 373 2120 ignominia
394 2040 480 2102 dedit
502 2041 699 2122 imperatoris
721 2041 883 2120 rescindit3
905 2043 960 2104 illa
981 2054 1029 2105 tot
1048 2063 1162 2105 consu·

100 2144 207 2222 lares,
224 2154 275 2204 tot
298 2145 473 2224 praetorios
499 2145 670 2226 absumpsit
702 2144 812 2222 duces,
844 2157 1033 2226 patrumque
1062 2156 1161 2206 aetate

98 2245 138 2307 in
158 2256 283 2307 tantum
304 2246 479 2309 Sertorium
501 2249 594 2308 armis
617 2249 745 2324 extulit,
775 2259 812 2307 ut
830 2266 889 2327 per
910 2246 1161 2328 quinquennium

100 2344 272 2411 diiudicari
290 2366 356 2410 non
381 2349 514 2430 poterit,
534 2349 683 2430 Hispanis
703 2349 893 2411 Romanisne
916 2349 950 2409 in
970 2350 1065 2411 armis
1088 2351 1196 2430 plusao

61 2438 192 2517 cesset
207 2450 334 2512 roboris
356 2464 387 2511 et
407 2462 479 2512 uter
499 2455 636 2533 populus
667 2453 756 2515 alteri
778 2452 937 2532 pariturus
960 2453 1053 2513 foret.
1095 2453 1161 2513 Hae

98 2550 202 2630 igitur
221 2552 400 2634 provincias
421 2564 484 2615 tam
516 2553 660 2632 diffusas,
691 2567 755 2618 tam
777 2553 965 2636 frequentis,
993 2565 1059 2614 tam
1079 2554 1162 2617 feras

99 2650 144 2715 ad
169 2673 244 2716 eam
268 2644 376 2737 pacem
404 2655 517 2718 abhinc
547 2679 646 2720 annos
680 2661 778 2720 ferme
808 2677 837 2719 1..
864 2652 1014 2736 perduxit
1046 2654 1162 2719 Caesar

97 2757 282 2835 Augustus,
311 2770 347 2818 ut
375 2778 455 2839 quae
480 2761 623 2822 maximis
651 2761 741 2821 bellis
771 2777 934 2840 nunquam
963 2769 1160 2835 vacaverant,

98 2860 167 2921 hae
194 2860 253 2920 sub
279 2857 315 2920 G.
342 2852 461 2922 Aristio
484 2883 518 2922 ac
541 2860 661 2924 'deinde
683 2864 719 2923 P.
750 2859 828 2922 Silio
856 2860 958 2936 legato
986 2855 1194 2940 ceterisquess

98 2968 217 3043 postes
235 2958 328 3023 etiam
347 2961 517 3023 latrociniis
538 2974 694 3025 vacarent.

101 3114 105 3119 ·
133 3076 139 3084 ’
178 3100 207 3153 2.
223 3099 379 3167 incultisque
413 3105 441 3155 2.
458 3102 625 3171 perdomitae.
646 3100 787 3171 Hispaniae
821 3097 1158 3152 transtiberinus

98 3174 128 3225 8.
149 3176 234 3223 arios
248 3176 295 3225 -·8.
314 3171 385 3225 missi
402 3180 491 3227 essem
526 3178 551 3227 9.
570 3176 602 3227 iis
640 3179 681 3226 10.
706 3172 807 3225 amissis
830 3170 922 3238 populi
946 3169 1057 3221 Romani
1075 3171 1158 3238 impe-

98 3241 236 3295 mantus
273 3245 316 3296 1³.
335 3259 361 3295 x.
380 3259 505 3296 annornm
542 3249 584 3298 tt.
609 3245 690 3299 dediti
716 3241 881 3313 imperatoris
904 3241 1011 3294 rescidit
1045 3245 1090 3295 20.
1108 3258 1159 3311 po·

99 3312 188 3385 tuerit
220 3315 265 3383 25.
285 3314 582 3371 aerumnabilis

109 3474 113 3479 .
137 3425 170 3477 2.
186 3421 344 3494 multisque]
364 3423 434 3477 APb.
450 3423 613 3496 incultisque
684 3425 727 3474 ll.
745 3419 827 3473 eliam
850 3419 1050 3490 nonnunquam]
1077 3419 1159 3472 APR.

80 3493 240 3549 ‘Belmina
247 3494 282 3547 R.
296 3493 454 3563 (inuitisque
461 3495 613 3562 Bipontini.)
648 3509 839 3560 nonnunquam
856 3490 938 3540 etium
956 3491 982 3542 b.
1005 3489 1098 3553 (etiam
1116 3495 1159 3538 ut·

137 3566 170 3617 2.
182 3580 232 3632 per
245 3564 298 3631 da]
311 3567 343 3617 Δ.
360 3565 523 3631 perdomitae
537 3566 613 3619 PbR.
649 3571 711 3630 pote
734 3577 771 3615 ex
798 3560 853 3610 elia
878 3566 967 3632 natum
993 3558 1046 3609 dcl.
1069 3562 1159 3609 censet

137 3638 171 3689 3.
183 3634 615 3704 praesentia]APbli.prcaseatis
650 3630 839 3693 Ruhnkenius.)

95 3706 277 3761 mnus.
687 3705 729 3754 1³.
747 3698 812 3764 χιι]
833 3695 931 3759 APbR.
949 3712 980 3748 x.
999 3695 1104 3765 Lipsius
1123 3711 1158 3747 ex

138 3780 169 3827 ’1.
185 3774 308 3843 secundi]
323 3773 542 3831 APbll.secundi
554 3772 617 3825 belli
650 3772 741 3824 lustini
759 3770 818 3822 Lib.
837 3771 888 3833 44,
906 3771 933 3821 2.
1170 3816 1173 3823 ,

94 3845 238 3901 Heinius.
689 3848 731 3894 lt.
748 3838 833 3906 dedis]
853 3841 883 3892 A.
911 3837 995 3888 dediti
1011 3838 1087 3891 PbR.

136 3936 168 3984 8.
184 3933 267 4000 anno]
286 3932 319 3985 Α.
337 3946 422 3984 annos
439 3932 515 3986 Pha,
690 3917 732 3965 lt.
750 3909 888 3975 rescindit]
908 3911 937 3961 Α.
956 3908 1063 3959 rescidit
1082 3908 1159 3963 PbR,

134 4024 166 4073 8.
183 4017 442 4085 miscendumst
447 4027 535 4070 essent
542 4019 617 4074 Pbtt.
686 3988 732 4107 ἐξ
744 3981 857 4119 ῙΙἪἌ]
876 3980 933 4099 ἐξ
952 3979 1071 4101 'maim-t
1083 3981 1159 4033 PbR‘

135 4111 168 4160 9·
185 4104 251 4173 ΙΨ]
269 4109 303 4162 Δ·
325 4106 360 4158 iii
378 4105 412 4160 0·
430 4104 473 4158 Ιώ
490 4105 566 4160 PbR·
687 4130 732 4179 25.
751 4127 778 4175 0.
796 4119 914 4185 Arietis]
986 4120 1017 4175 P.
1045 4123 1074 4172 C.
1099 4120 1161 4174 Att-

135 4196 184 4247 10.
203 4195 333 4262 Praetor]
352 4195 405 4247 ΑΡ.
423 4194 498 4247 RB.
516 4192 584 4246 btt.
650 4196 726 4247 iistis
743 4195 795 4245 bu.
