2536 4590
510 159 764 235 ...72-

47 412 52 419 .
112 364 142 415 et
167 350 281 415 Caesar
304 346 471 413 iustissimo
493 346 599 411 animo
620 348 799 431 posmlabat
821 358 852 410 et
870 345 1040 430 Pompeius
1063 371 1170 435 aequo

110 457 297 538 recipiebat,
322 454 464 517 discussit
484 475 520 515 ac
539 453 642 535 rupit,
660 453 751 515 unice
769 454 905 518 kavente
921 453 1075 517 Cicerone
1091 476 1171 517 con-

110 556 232 620 cordiae
253 557 408 639 publicae.
460 556 583 617 Harum
614 553 917 639 praeteritarumque
947 577 1057 619 rerum
1086 556 1170 622 ordo

109 656 181 721 cu'm
201 661 313 721 iustius
328 660 461 720 aliorum
475 656 688 723 voluminibus
704 670 882 741 promatur,
898 670 983 731 tum,
999 658 1046 721 uti
1064 679 1171 741 spero,

111 762 225 824 nostris
250 762 467 843 explicabitur.
1171 777 1185 818 s

77 873 93 924 1
194 863 312 925 XLIX.
354 863 448 924 Nunc
475 860 637 942 proposito
670 861 760 943 operi
789 881 847 924 sua
876 862 979 923 forma
1006 859 1172 942 reddatur,

108 964 136 1024 si
158 963 246 1043 prius
268 964 441 1044 gratulatus
463 985 518 1025 ero
541 960 579 1038 Q.
601 962 731 1039 Catulo,
754 961 878 1027 duobus
895 963 1035 1026 Lucullis
1054 965 1173 1027 Metel·

107 1065 202 1146 loque
225 1076 254 1125 et
274 1065 460 1145 Hortensio,
483 1065 556 1149 qui,
581 1084 652 1126 cum
676 1065 742 1128 sinc
763 1066 882 1129 invidia
904 1067 938 1128 in
957 1089 1026 1150 rep.
1041 1066 1173 1131 floruis-

108 1177 178 1226 sent
201 1165 466 1250 emicuissentque
488 1167 555 1230 sine
586 1166 743 1248 periculo,
768 1169 873 1252 quieta
902 1183 956 1231 aut
983 1182 1067 1234 certe
1102 1190 1173 1232 non

107 1267 310 1349 praecipitata
338 1270 426 1331 fatali
454 1282 527 1332 ante
561 1269 684 1331 initium
714 1272 870 1333 bellorum
899 1272 1037 1336 civilium
1065 1285 1173 1335 morte
1181 1288 1207 1326 1⁰

75 1370 209 1431 2suncti
224 1384 306 1433 sunt.
347 1371 484 1433 Lentulo
506 1384 536 1433 et
556 1372 708 1433 Marcello
731 1370 844 1437 COSS.
866 1365 936 1455 post
956 1378 1070 1438 urbem
1092 1395 1174 1437 con·

108 1467 203 1531 ditam
232 1473 381 1539 Ancum.
406 1485 436 1534 et
469 1491 568 1534 annos
601 1494 749 1551 nxxvm„
779 1496 874 1557 quam
903 1488 938 1537 tu
945 1521 954 1553 ,
984 1476 1031 1540 M.
1052 1475 1173 1553 Vinici,

75 1572 302 1635 3consulaturn
321 1572 433 1653 inires,
466 1577 587 1637 bellum
619 1576 708 1638 civile
737 1576 863 1639 exarsit.
914 1577 1053 1639 Alterius
1080 1576 1172 1639 ducis

107 1683 200 1735 causa
219 1675 332 1737 melior
352 1675 541 1750 videbatur,
561 1679 690 1740 alterius
718 1692 785 1740 erat
812 1677 944 1742 firmior.
986 1679 1038 1740 hic
1063 1679 1173 1741 omnia

108 1776 266 1859 speciosa,
283 1777 347 1840 illic
363 1781 510 1844 valentia.
552 1781 739 1864 Pompeium
753 1794 878 1842 senatus
895 1782 1073 1859 auctoritas,
1090 1779 1207 1843 Cae-ss

108 1886 210 1943 sarem
230 1880 363 1944 militum
387 1884 520 1948 armavit
540 1883 665 1947 fiducia.
709 1883 861 1946 Consules
883 1895 1072 1965 senatusque
1094 1904 1173 1965 cau·

75 1993 179 2058 isac,
202 2003 268 2046 non
300 1985 472 2065 Pompeio,
503 2004 657 2047 summam
690 1983 815 2065 imperii
850 1981 1038 2046 detulerunt.
1080 1982 1174 2045 Nihil

111 2087 254 2147 relictum
276 2108 294 2147 a
317 2087 469 2164 Caesare,
492 2086 578 2169 quod
600 2085 771 2150 servandae
792 2085 878 2168 pacis
898 2107 991 2146 causa
1020 2084 1172 2165 temptari

110 2200 232 2268 posset:
257 2189 336 2250 nihil
364 2200 526 2270 receptum
547 2211 565 2250 a
585 2188 803 2271 Pompeianis,
839 2208 909 2249 cum
941 2189 1038 2249 altero
1077 2184 1172 2251 GOS.

110 2292 192 2352 iusto
215 2303 294 2353 esset
317 2293 469 2369 ferocior,
490 2290 643 2354 Lentulus
672 2312 747 2357 vero
771 2291 856 2354 salva
878 2311 945 2372 rep.
974 2290 1079 2353 salvus
1100 2307 1208 2351 essese

111 2413 177 2453 non
197 2405 322 2473 posset,
345 2394 391 2455 M.
414 2406 516 2455 autem
533 2394 611 2456 Cato
624 2390 823 2455 moriendum
838 2405 929 2469 ante,
952 2411 1047 2474 quam
1068 2391 1171 2455 ullam

113 2493 327 2558 condicionem
349 2495 423 2559 civis
444 2494 654 2576 accipiendam
669 2495 749 2575 reip.
770 2489 983 2556 contenderet.
1024 2490 1087 2554 Vir
1110 2512 1171 2553 an·

85 2598 218 2681 ,tiquus
242 2610 272 2659 et
294 2597 396 2678 gravis
420 2597 552 2679 Pompei
582 2610 684 2679 partes
714 2594 856 2658 laudaret
882 2594 997 2674 magis,
1026 2590 1171 2676 prudens

183 2758 210 2812 4.
229 2755 304 2810 iustis
338 2757 364 2810 4.
380 2756 508 2825 promitur
542 2759 587 2811 12.
606 2772 636 2810 a.
655 2772 695 2808 cc.
713 2769 757 2808 ιιι.
784 2761 812 2806 et
828 2757 889 2805 ante
913 2764 994 2804 sanos
1030 2752 1074 2803 ts.
1099 2750 1172 2804 altor

148 2886 175 2937 2.
193 2882 355 2950 incendit.
369 2886 472 2953 antiqua
484 2884 619 2952 scriptura.
654 2880 746 2947 (civis,
762 2897 778 2933 a
795 2881 852 2933 cisa
865 2879 1019 2946 impositum.
1055 2876 1116 2929 Hoc
1125 2876 1172 2930 di·

148 2957 175 3005 8.
187 2956 420 3026 praeteritumque
445 2958 478 3010 P.
503 2970 553 3008 err.
577 2960 621 3022 ty·
655 2954 705 3005 cita
723 2952 763 3016 „si
779 2966 822 3004 res
839 2952 876 3003 ita
894 2951 976 3013 terat,
999 2947 1083 3015 accipi
1101 2960 1171 3001 con-

113 3037 189 3092 pogr.
656 3023 766 3077 ditiones
783 3037 860 3089 posse
875 3021 908 3072 sb
920 3020 1035 3072 externis
1050 3018 1170 3084 regibus,

148 3097 174 3145 4.
192 3092 304 3161 iustius]
322 3093 405 3149 ABR.
423 3093 505 3146 iustis
523 3095 549 3148 b.
657 3095 747 3147 acive
765 3095 806 3145 rel
832 3091 1010 3159 potentissimo
1035 3104 1170 3154 nunquam

148 3165 437 3231 4·1›romntur]APR.
453 3166 587 3232 promitur
595 3166 622 3218 b.
657 3163 759 3233 possa.''
795 3160 1170 3229 Receptoantemcuml'lcd-

148 3236 192 3284 10.
206 3233 391 3300 praecipitata
401 3235 505 3304 fatali]
523 3236 622 3288 APbll.
656 3236 713 3286 lero
738 3231 795 3282 eius
824 3235 935 3284 otiosum
960 3236 1002 3283 est
1030 3244 1086 3283 voc.
1112 3229 1171 3281 rei-

110 3301 295 3371 praecipitata
304 3302 415 3354 civitate
419 3304 511 3373 fatali
519 3305 623 3357 Ruhnlt.
656 3300 797 3372 publicae,
816 3303 885 3369 quod
904 3304 988 3368 ipsum
1005 3300 1169 3369 demonstrat

114 3373 168 3426 Sed
186 3371 292 3441 fatalis
310 3390 379 3425 mors
397 3388 472 3427 unam
490 3374 624 3427 dumtaxat
658 3373 746 3425 rerunt
764 3387 821 3424 esse
838 3372 924 3438 civis.)

114 3443 247 3496 coustituit
265 3443 409 3508 notionem,
432 3445 472 3496 cui
497 3446 624 3497 adiectiva
693 3446 738 3494 23.
754 3441 884 3509 prudens]
904 3444 971 3494 Cum
989 3446 1062 3493 recte
1079 3441 1170 3495 locum

113 3516 157 3566 illa
174 3513 364 3580 adiunguntur,
381 3521 411 3567 ut
428 3521 468 3567 est
481 3517 548 3582 apud
565 3516 622 3568 Ta·
659 3513 833 3581 explicassent
857 3514 976 3579 Cuperus
1001 3510 1071 3579 apud
1097 3508 1169 3563 Burss

113 3588 193 3639 citum
208 3585 282 3639 Ann.
290 3590 316 3650 6,
330 3589 373 3640 to.
390 3585 454 3637 Piso
463 3584 531 3655 soto
548 3585 622 3641 obiit.
656 3598 775 3637 manuum
795 3591 821 3635 et
836 3583 1018 3647 Ruhnkenius‚
1036 3581 1170 3635 nihiloni-

150 3660 193 3708 12.
219 3657 256 3708 A.
281 3657 386 3724 cnm]
420 3658 474 3710 ΑΡ.
512 3672 621 3711 nccm.
656 3671 705 3707 nna
723 3654 855 3721 Bipontini
872 3655 897 3705 in
916 3670 975 3705 eum
991 3667 1106 3705 errorem
1124 3653 1191 3713 ἰὼ,

114 3728 166 3781 bll.
185 3727 308 3779 Laurent.
326 3743 414 3780 nccr.
432 3728 543 3782 Krause.
656 3725 784 3777 duxerunt
795 3732 821 3777 et
836 3725 955 3776 Clodium
970 3730 997 3776 et
1008 3724 1169 3789 Ficdlernm,

151 3802 194 3852 12.
213 3808 241 3848 et
258 3814 342 3848 annos
360 3799 504 3866 stratura]
525 3800 579 3852 ΑΒ.
592 3808 621 3849 at
656 3804 686 3849 nt
703 3797 804 3848 illorum
822 3803 992 3848 commentum
1008 3796 1170 3861 reciperenta

114 3869 620 3925 anseamrossxmn.ossanna.
657 3884 738 3938 qaam
749 3865 875 3935 prudens.
913 3867 1035 3929 Scilicet,
1050 3880 1083 3917 us
1094 3880 1172 3917 attor

113 3940 172 3991 PR.
190 3948 218 3989 at
236 3956 306 3991 anno
324 3953 441 3992 nxxvns.
456 3939 483 3991 b.
655 3943 829 4006 propagetur,
847 3937 910 3989 haec
928 3943 969 3989 est
987 3936 1080 3987 Velleii
1105 3951 1170 3988 scn-

150 4013 193 4059 ts.
212 4009 348 4078 temptari]
368 4012 400 4063 Α.
426 4008 528 4061 tentari
545 4009 621 4063 Pbtt.
656 4011 750 4061 tentia:
771 4008 819 4073 „ln
837 4015 908 4060 tanta
922 4009 958 4060 rei
977 4007 1170 4075 publicsapsr-

150 4082 194 4130 19.
213 4078 310 4148 altero]
327 4080 383 4133 ΑΡ.
400 4078 472 4130 alter
489 4079 541 4131 blt.
656 4080 803 4131 turbatione
822 4094 911 4132 omues
935 4078 983 4128 viri
1012 4078 1113 4144 antiqui
1137 4082 1170 4129 et

149 4151 194 4201 22.
211 4146 622 4216 civis1APbll.csiusrisRultnk.
658 4165 766 4219 grassa,
781 4154 810 4203 ut
823 4166 875 4219 ego
882 4148 1002 4214 arbitror,
1018 4147 1087 4213 (hinc
1102 4162 1170 4203 con-
