2536 4590
382 1057 596 1149 vuum
644 1024 980 1147 parandum

155 1249 408 1324 HISTORJAE
434 1246 665 1323 ROMANAE
697 1244 953 1344 PosTEfflvs
984 1241 1211 1318 VOLVMEN

442 1427 503 1488 AD
532 1424 578 1489 M,
609 1422 811 1487 VINICIVM
833 1419 923 1486 COS.

122 1640 139 1692 1
240 1629 266 1692 1.
307 1626 468 1692 Potentiae
493 1627 710 1689 Romanorum
735 1624 824 1706 prior
848 1621 952 1704 Scipio
975 1622 1058 1684 viam
1080 1642 1213 1702 aperue-
1252 1696 1256 1706 .

154 1745 218 1810 rat,
239 1732 384 1795 luxuriae
407 1730 564 1813 posterior
585 1729 725 1810 aperuit:
758 1726 874 1809 quippe
902 1736 1023 1788 remoto
1049 1723 1215 1802 Carthagi·

154 1832 312 1896 nismeui
323 1835 506 1915 sublataque
530 1831 653 1912 imperii
670 1831 802 1904 aemula,
825 1851 890 1890 non
911 1827 1025 1908 gradu,
1050 1827 1104 1888 sed
1119 1848 1213 1907 prae·

154 1926 240 2016 sipili
260 1957 353 1996 cursu
375 1956 393 1993 a
414 1935 528 1996 uirtute
554 1932 721 2007 descitum,
745 1929 786 1990 ad
807 1932 883 1993 vitia
899 1943 1131 2005 transcursum
1155 1950 1214 1991 ve-

153 2050 203 2100 tus
226 2037 388 2117 disciplina
407 2033 544 2108 deserta,
569 2053 651 2094 nova
672 2029 818 2109 inducta,
840 2032 874 2092 in
890 2052 1067 2092 somnuma
1087 2030 1230 2108 vigiliis,t

155 2143 193 2202 ab
217 2140 310 2201 armis
335 2135 375 2198 ad
396 2140 592 2216 voluptates,
616 2156 634 2195 a
662 2137 792 2214 negotiis
814 2136 848 2196 in
876 2136 974 2197 otium
995 2153 1146 2196 conversa
1172 2134 1214 2195 ci·

121 2243 244 2309 2vitas.
302 2242 384 2302 Tum
415 2239 519 2318 Scipio
550 2238 665 2299 Nasica
698 2239 732 2298 in
762 2236 917 2318 Capitolio
948 2237 1107 2318 porticus,
1135 2249 1214 2316 tum,

156 2361 233 2424 quas
257 2341 485 2422 praediximus,
507 2341 673 2416 Metellus,
701 2352 769 2402 tum
790 2340 823 2401 in
855 2338 945 2402 Circo
978 2337 1035 2401 Cn.
1066 2336 1092 2402 Ο
1126 2341 1215 2415 ,νίυε

155 2447 253 2506 multo
278 2444 527 2504 amoenissimam
548 2444 648 2505 moliti
669 2457 760 2523 suut3
782 2444 1002 2524 publicamque
1014 2351 1215 2522 magngffien-

122 2546 229 2615 otiam
251 2558 354 2607 secuta
376 2546 497 2625 privata
520 2547 646 2608 luxuria
668 2559 722 2610 est.
766 2548 869 2607 Triste
903 2545 1015 2607 deinde
1048 2558 1079 2606 et
1103 2558 1249 2614 contu-10

154 2647 320 2709 meliosum
341 2649 457 2708 bellum
479 2648 513 2708 in
534 2649 687 2727 Hispania
712 2647 791 2709 duee
813 2651 971 2722 latronum
993 2649 1138 2710 Viriatho
1165 2670 1216 2710 se·

156 2761 262 2810 cutum
287 2763 347 2812 est:
371 2749 456 2832 quod
480 2751 523 2810 ita
547 2751 634 2812 varia
659 2752 787 2812 fortuna
809 2765 929 2831 gestum
952 2765 1012 2828 est,
1031 2765 1067 2813 ut
1091 2751 1215 2831 saepius

98 2854 100 2860 ⁴
155 2850 371 2915 Romanorum
392 2868 551 2933 gereretur
572 2852 712 2918 adversa.
767 2854 828 2918 Sed
850 2857 1038 2934 interempto
1068 2855 1215 2917 Viriatho

157 2954 267 3015 fraude
291 2957 387 3033 magis
411 2977 505 3037 quam
537 2957 653 3020 virtute
687 2955 801 3020 Servili
836 2955 1015 3038 Caepionis,
1048 2956 1217 3016 Numanti·
1233 2996 1246 3013 .

123 3071 233 3121 tuum
260 3057 383 3135 gravius
409 3060 533 3121 exarsit.
576 3061 662 3120 llaec
683 3065 758 3123 urbs
772 3080 942 3143 numquam
959 3060 990 3120 ξ.
1005 3059 1097 3137 plura
1119 3079 1216 3137 quam
1226 3087 1254 3126 1⁵

154 3160 303 3243 propriae
325 3161 496 3221 iuventutis
529 3163 678 3239 armavit,
703 3161 756 3224 sed
788 3165 840 3226 vel
876 3159 993 3220 ferocia
1023 3157 1139 3232 ingenii
1161 3162 1216 3220 vel

155 3261 252 3322 inscia
291 3275 470 3323 nostrorum
506 3262 620 3325 ducum
651 3266 703 3326 vel
734 3267 880 3327 fortunae
919 3257 1110 3336 indulgentia
1143 3278 1217 3324 cum

93 3430 96 3435 .
156 3364 233 3425 alios
256 3363 366 3439 duces,
387 3376 453 3425 tum
476 3368 659 3446 Pompeium
682 3368 787 3446 magui
807 3361 943 3427 nominis
966 3361 1069 3422 virum
1091 3358 1130 3420 ad
1147 3372 1216 3422 tur·

122 3468 126 3511 f
155 3465 283 3548 pissima
313 3461 443 3529 deduxit
470 3466 608 3533 foedera.
667 3471 718 3530 hic
747 3468 867 3550 primus
899 3485 915 3525 e
943 3463 1090 3544 Pompeis
1124 3461 1214 3529 COS.

230 3625 273 3674 15.
293 3638 421 3690 nunquam
440 3624 606 3692 pluraquam
623 3623 715 3678 decem
731 3622 801 3674 milia
838 3624 881 3674 11.
901 3619 1035 3671 inscientia

194 3751 236 3799 ta.
261 3763 399 3816 nunquam
419 3765 449 3801 x.
472 3750 556 3817 plura
586 3769 667 3821 quam
702 3765 764 3802 sane
788 3748 809 3800 si
837 3748 974 3814 plicissima
994 3752 1049 3812 est,
1067 3761 1100 3798 ex
1118 3745 1215 3799 iudicio

153 3817 290 3885 propriae]
310 3819 363 3868 ΔΡ.
388 3836 525 3888 nunquam
546 3838 576 3873 x.
597 3822 668 3871 milt-
703 3823 779 3874 etiam
838 3820 905 3870 iteri.

158 3886 206 3938 bus
218 3886 300 3956 pluro
312 3887 435 3954 propriae
449 3891 622 3959 b.nnnqunm
636 3908 666 3945 x.
740 3895 782 3942 ll.
802 3889 898 3957 urscia]
919 3892 949 3944 B.
976 3885 1115 3939 inscientia
1135 3886 1214 3938 Moe-

154 3956 237 4025 plura
254 3956 377 4024 propriae
398 3960 431 4010 R.
451 3960 604 4025 nescioquo
623 3978 665 4013 er·
703 3963 769 4014 bins.
786 3960 895 4010 inscitia
914 3962 1011 4014 APbR.

157 4028 484 4082 rorallulutkeniuseuim
501 4032 665 4098 probatAldi
738 4035 780 4083 to.
799 4032 968 4085 Rultukenlus
994 4045 1027 4081 er
1051 4034 1126 4096 parte
1153 4043 1213 4083 cum

156 4099 396 4166 transpositionem
423 4119 561 4172 nunquam
581 4100 666 4171 pluro
702 4103 819 4156 Acidalio
837 4106 873 4157 ita
892 4101 1061 4157 ordinandum
1081 4098 1105 4153 h.
1126 4101 1142 4152 l.
1161 4116 1213 4167 pu-

158 4188 239 4242 quam
265 4187 296 4222 x.
324 4171 399 4223 milia
423 4173 565 4244 proprian
598 4188 665 4242 quas
700 4175 787 4228 labate
807 4185 864 4227 tum
878 4170 1096 4244 Pompeium(lrio
1107 4169 1213 4239 primus
