2536 4590
483 190 738 266 565..

42 391 224 446 2mentum
244 379 323 443 tanti
350 400 427 443 mox
449 380 573 445 evasuri
592 381 672 446 viris
696 403 779 466 quae
799 402 866 446 nox
886 403 954 447 eam
979 383 1061 448 diem
1084 406 1134 449 se·

75 497 152 547 outa
175 494 239 560 eet,
264 504 327 565 qua
356 484 484 564 publiea
515 483 687 546 civitatium
711 487 846 567 pecunia
876 485 1056 569 redemptus
1078 501 1134 568 est,

74 587 122 648 ita
143 599 269 663 tamen,
297 597 332 646 ut
362 598 486 664 cogeret
516 598 588 646 ante
618 585 741 649 obsides
769 610 789 649 a
819 588 929 670 piratis
959 588 1134 652 civitatibus

76 685 165 764 dari,
187 698 347 748 contracta
370 688 465 748 classe
490 699 522 747 et
541 687 683 769 privatus
708 701 740 750 et
767 690 971 754 tumultuaria
991 692 1134 755 invectus

75 790 113 851 in
133 809 206 850 eum
226 790 348 866 locum,
369 790 403 849 in
425 809 489 871 quo
512 789 573 869 ipsi
593 788 770 869 praedones
785 805 891 870 erant,
915 803 1036 871 partem
1057 794 1156 855 clas-⁵

76 894 121 955 sis
140 892 278 972 fugavit,
297 905 419 972 partem
439 892 563 967 mersit,
585 892 707 973 aliquot
728 894 817 954 navis
838 894 1017 974 multosque
1047 912 1134 953 mor·

37 992 149 1063 stalis
169 994 266 1074 aepit3
285 994 450 1075 laetusque
471 1005 645 1055 nocturnae
668 993 895 1074 expeditionis,
916 995 1077 1075 triumpho
1094 992 1134 1055 ad

77 1114 160 1157 suos
169 1114 313 1158 reversus
335 1107 397 1172 eet,
421 1093 638 1177 mandatisque
662 1094 802 1157 custodia
824 1117 922 1178 equos
936 1110 1079 1179 ceperat,
1099 1096 1136 1158 in

76 1195 262 1277 Bithyniam
292 1198 433 1279 perrexit
462 1196 502 1258 sd
532 1199 755 1278 proconsulem
782 1197 919 1261 Iunium.
954 1220 1026 1260 cum
1051 1197 1135 1260 idem

78 1299 167 1363 enim
185 1299 292 1361 Asiam
312 1321 382 1361 eam
406 1320 501 1382 quam
523 1299 704 1377 obtinebat,
729 1310 859 1379 petens,
884 1311 920 1360 ut
949 1311 1058 1360 auctor
1079 1301 1135 1361 fie·
1144 1310 1171 1346 1⁰

77 1413 130 1465 ret
148 1399 291 1464 sumendi
313 1400 352 1463 de
376 1401 505 1484 captivis
526 1401 691 1483 supplicii:
713 1398 801 1483 quod
822 1421 893 1462 cum
913 1400 967 1461 ille
988 1421 1021 1463 se
1034 1402 1135 1464 factu·

76 1524 154 1565 rum
174 1517 315 1583 negasset
334 1504 601 1588 venditurumque
622 1503 760 1585 captivos
782 1502 927 1580 dixisset,
952 1504 1069 1586 quippe
1087 1524 1136 1566 se·

79 1608 239 1690 quebatur
256 1605 375 1670 invidia
406 1608 568 1685 inertiam,
601 1603 778 1669 incredibili
809 1604 964 1666 celeritate
994 1619 1135 1668 revectus

78 1706 123 1770 ad
141 1728 242 1785 mare,
262 1709 448 1792 priusquam
470 1708 509 1770 de
530 1729 568 1770 ea
587 1728 622 1769 re
642 1707 700 1767 ulli
715 1705 912 1785 proconsulis
928 1704 1135 1768 redderentur

78 1812 232 1895 epistula,
253 1835 376 1891 omnes,
398 1833 478 1897 quos
500 1822 639 1892 ceperat,
663 1809 783 1870 suffusis
805 1807 899 1868 cruci.
1142 1814 1170 1855 ¹⁵

40 1925 61 1976 1
166 1916 282 1979 XLIII.
323 1915 411 1978 Idem
435 1936 512 1978 mox
532 1915 571 1977 ad
586 1911 796 1976 sacerdotium
813 1906 996 1985 ineundum,
1018 1907 1136 1992 quippe

77 2020 193 2081 absens
223 2019 370 2100 pontifex
399 2020 499 2081 factus
527 2031 594 2080 erat
623 2019 659 2078 in
690 2015 799 2078 Cottae
829 2011 1002 2075 consularis
1031 2010 1137 2072 locum

76 2142 181 2203 paene
201 2141 283 2202 puer
306 2143 324 2182 a
347 2122 452 2184 Mario
478 2120 640 2203 Cinnaque
661 2120 774 2182 flamen
796 2114 886 2177 dialis
902 2125 1024 2175 creatus
1036 2114 1136 2176 iicto-

76 2225 129 2285 ria
149 2222 271 2300 Sullae,
294 2223 350 2306 qui
375 2225 480 2286 omnia
502 2227 541 2286 ab
562 2224 600 2285 iis
624 2235 691 2284 acta
715 2222 830 2282 fecerat
846 2215 955 2286 inrita,
976 2213 1136 2295 amisisset,

77 2323 122 2387 ad
148 2323 373 2402 sacerdotium,
394 2327 546 2388 festinans
569 2326 603 2385 in
625 2324 761 2399 Italiam,
795 2341 835 2382 ne
859 2318 1093 2398 conspiceretur
1116 2336 1171 2380 aaa

76 2424 293 2511 praedonibus
316 2431 421 2491 omnia
442 2441 517 2490 tunc
539 2427 751 2489 obtinentibus
768 2422 868 2483 maria
886 2433 917 2482 et
935 2422 1047 2484 merito
1071 2434 1136 2483 tam

149 2569 180 2625 ,4.
198 2567 317 2634 privatim
365 2573 391 2620 8.
410 2568 559 2633 custodiae,
579 2584 644 2634 quos
686 2571 713 2619 9.
741 2563 843 2616 Iunium
880 2560 959 2625 (idem
985 2562 1138 2613 enimcum

77 2638 146 2691 seta
164 2653 221 2689 eam
239 2645 294 2690 tum
312 2637 455 2705 obtiaebat)
492 2645 536 2693 15.
553 2640 680 2707 epistulae
716 2640 759 2688 1⁷.
774 2635 876 2697 lacum,
894 2646 953 2684 cam
972 2646 1057 2699 paene
1093 2635 1137 2687 19.

78 2709 212 2762 amisisset
228 2709 256 2761 id
272 2710 463 2777 sacerdotium,
487 2712 612 2763 testinans

67 2839 145 2887 'unte
181 2837 247 2888 velis
281 2838 372 2902 legere
410 2834 593 2890 obtinebant.'’
628 2852 679 2906 qne
704 2827 841 2885 obtinebat
866 2826 1021 2895 Btponttrt.)
1046 2825 1139 2906 Simile

79 2906 179 2957 omissa
196 2913 238 2959 est
254 2908 281 2959 in
297 2908 350 2961 Ed·
368 2909 485 2977 principe
503 2909 593 2960 altera.
629 2911 669 2959 est
698 2903 761 2955 illud
782 2899 868 2952 Taciti
889 2899 964 2950 Ann.
988 2901 1021 2963 b,
1040 2900 1084 2950 10.
1114 2913 1140 2947 rs

80 2992 145 3026 curn
177 2983 256 3027 tanto
280 2995 358 3046 opere
383 2988 482 3029 conata
501 3007 537 3018 -
559 3005 595 3016 -
629 2971 869 3027 Macedonianum
877 2966 1140 3019 intentusAabaiarn

80 3055 159 3097 meta
189 3047 426 3099 suo-destitueret
455 3049 595 3117 Seuppius.
631 3061 734 3116 quaque
748 3039 872 3093 curabat.
896 3037 1062 3104 (Nicomedes
1072 3037 1141 3087 enirn

79 3133 218 3187 quamque
243 3115 276 3168 ob
298 3136 353 3171 rem
379 3128 477 3171 conata
499 3147 535 3157 —
561 3143 597 3156 -·
632 3115 730 3169 Asiam
747 3122 887 3182 tamquam
904 3106 1041 3160 obtinebat
1059 3106 1141 3162 nuth.

81 3214 123 3228 -
141 3204 217 3237 rnora
235 3205 287 3238 sua
306 3188 451 3240 destituere
469 3187 562 3254 Huth.)
632 3187 663 3239 Iu
690 3185 721 3238 Δ.
747 3190 775 3236 et
797 3186 920 3251 quattuor
950 3179 1142 3247 exemplaribus

120 3260 149 3319 2.
172 3256 323 3327 redemptus
347 3261 400 3326 est]
428 3261 511 3313 ABR.
536 3258 599 3312 red·
632 3257 683 3310 Ed.
701 3257 797 3323 prino,
815 3268 883 3319 quae
900 3266 952 3317 ego
969 3251 1078 3318 inspexi,
1092 3266 1143 3302 non

82 3336 194 3396 emptas
211 3329 260 3381 Pb.
634 3339 675 3381 est
689 3341 829 3396 eantquarn
840 3324 955 3387 iunctim,
971 3328 1001 3372 ut
1016 3322 1053 3373 ait
1062 3319 1144 3384 Hntb,

120 3402 148 3450 4.
171 3397 311 3467 privatas]
337 3400 437 3453 APbR.
467 3398 600 3469 privatim
634 3397 681 3450 sed
706 3397 788 3448 divise
812 3411 870 3444 eam
900 3393 1000 3464 quarn.)
1027 3391 1053 3442 is
1075 3390 1144 3442 enim

82 3467 203 3521 madia.
229 3467 354 3536 (privata
371 3472 504 3524 Gelequs.
527 3472 600 3523 Rur-
634 3469 734 3520 Asiam
751 3476 811 3516 tum
830 3461 966 3514 obtinebat
985 3463 1011 3514 b.

81 3554 132 3594 ⁸¹¹⁸
150 3539 330 3606 0⁰d⁸⁰d⁰flbl
671 3557 715 3606 14.
735 3550 918 3615 redderentur]
938 3551 998 3601 BR.
1023 3546 1147 3599 reddere·-

121 3613 149 3661 4.
168 3609 362 3675 tumultuaria]
380 3611 479 3663 APbR.
498 3607 602 3660 tumul·
636 3632 685 3674 pu,
701 3622 774 3674 Apb,

82 3678 181 3732 tuarie
198 3680 313 3731 Gladius.
339 3680 396 3743 (sed
416 3687 456 3734 est
473 3697 497 3734 v.
511 3686 601 3747 poste-
673 3712 717 3760 15·
734 3702 864 3774 epistula]
876 3705 931 3757 ΑΒ,
946 3703 1080 3772 epistulae
1091 3704 1147 3756 Bu·

83 3750 438 3891 ffldbl'ill'ilibssinm.
456 3815 602 3881 custosne,
637 3795 688 3832 ¹⁰¹·
706 3778 741 3830 R·
760 3775 884 3843 (ΨΜ
901 3776 962 3840 Pb)

85 3906 159 3964 quos
175 3891 253 3943 PbR.
675 3869 718 3918 11.
734 3864 775 3930 in]
791 3864 873 3917 APR·
891 3880 950 3914 cum
961 3860 991 3911 in
1009 3861 1034 3913 b.

125 3965 153 4013 9.
173 3977 233 4010 curn
246 3959 314 4009 idem
335 3959 404 4010 enim
425 3958 524 4010 Asiam
545 3973 604 4006 eam
676 3957 719 4005 tt.
737 3950 823 4001 lacum
845 3950 942 4016 paene]
960 3948 1032 4000 th.
1055 3943 1151 4009 locun,

86 4046 175 4103 qaam
186 4028 335 4097 obtinebat]
348 4030 430 4083 APR.
449 4028 517 4077 idem
535 4027 604 4076 enim
640 4041 700 4074 cum
712 4038 794 4089 paene
811 4021 924 4085 Lipsius.
938 4019 973 4069 tt.

87 4116 154 4151 eum
170 4100 244 4151 Asia
261 4117 319 4150 sam
337 4109 396 4150 turn
414 4097 550 4150 obtinebat
570 4098 604 4149 0.
675 4096 720 4144 20.
738 4091 785 4156 ad]
806 4091 860 4142 ΔΡ.
876 4089 909 4137 id
924 4088 976 4139 bR.

85 4170 173 4235 (idem
188 4169 259 4222 enim
282 4188 342 4222 cum
359 4169 433 4222 Asia
455 4185 514 4219 earn
538 4185 605 4239 que·
675 4167 722 4216 21.
740 4160 809 4225 tam]
821 4158 923 4212 APbR.
940 4159 996 4208 iarn
1010 4158 1162 4224 Ripont'm‘x.

803 4263 831 4328 b
