2536 4590
505 176 875 254 ..28·-‘

112 376 238 458 Opimio
261 373 438 458 proditum,
460 367 547 456 quod
571 367 680 452 capitis
708 388 775 431 non
802 365 904 432 dicam
929 368 1082 448 Gracchi,
1112 367 1191 434 sed.

110 479 186 543 civis
210 479 249 540 R.
272 479 410 559 pretium
432 496 464 538 se
487 473 636 535 daturum
654 471 751 555 idque
769 493 847 536 auro
867 493 1075 554 repensurum
1088 493 1169 554 pro-

77 582 225 662 sposuit.
268 579 399 642 Flaccus
430 577 464 638 in
493 575 649 637 Aventino
682 586 820 635 armatus
850 573 892 635 ad
922 596 1061 656 pugnam
1084 576 1169 637 ciens

111 704 182 745 cum
203 683 268 745 filio
288 683 407 744 maiore
429 679 586 758 iugulatus
609 689 669 757 est3
692 677 852 740 Gracchus
871 678 1071 758 profugiens,
1097 699 1169 740 cum

108 784 173 846 iam
194 782 512 865 comprehenderetur
532 782 572 841 ab
592 780 650 856 iis,
671 800 751 862 quos
774 777 917 860 Opimius
937 780 1080 858 miserat,
1100 802 1186 844 cer-s

110 887 211 949 ricem
232 887 360 967 Euporo
384 903 477 946 servo
498 882 660 963 praebuit,
692 881 748 963 qui
779 903 845 944 non
877 884 1001 962 segnius
1036 904 1071 945 se
1100 884 1169 965 ipsa

110 988 287 1062 interemit,
309 1008 405 1070 quam
427 985 555 1047 domino
579 996 784 1046 succurreret.
836 981 979 1060 Quodis
1002 986 1170 1065 singularis

109 1091 279 1170 Pomponii
303 1090 416 1173 equitis
438 1090 498 1151 Ro.
518 1088 553 1149 in
578 1087 755 1148 Gracchum
775 1084 852 1150 fides
881 1087 961 1164 fuit,
995 1088 1051 1170 qui
1079 1111 1170 1152 more

113 1189 240 1253 Coclitis
258 1192 438 1255 sustentatis
458 1190 495 1251 in
514 1201 611 1270 ponte
629 1189 773 1251 hostibus
795 1188 861 1248 eius
883 1186 1037 1266 gladiose
1060 1200 1172 1251 trans·

77 1291 190 1357 tfixit.
233 1296 277 1360 Ut
300 1296 372 1358 Tib.
396 1290 530 1356 Gracchi
552 1306 643 1354 antea
664 1312 796 1373 corpus,
817 1290 862 1352 ita
886 1290 946 1351 Gai
957 1290 1038 1352 mira
1055 1291 1203 1356 crude-to

111 1397 198 1458 litate
218 1399 375 1459 uictorum
394 1397 429 1456 in
449 1395 591 1456 Tiberim
615 1393 770 1456 deiectum
790 1405 847 1457 est.

79 1524 96 1576 1
199 1516 272 1578 Vll.
314 1516 408 1576 Hunc
436 1514 472 1576 G.
494 1514 626 1575 Gracchi
656 1513 765 1591 liberi,
794 1515 831 1576 P.
853 1511 1007 1593 Scipionis
1028 1511 1174 1575 Africani

112 1630 258 1698 nepotes,
284 1617 357 1680 viva
385 1615 486 1678 adhuc
513 1630 613 1678 matre
646 1614 793 1678 Cornelia
824 1616 966 1677 Africani
995 1616 1078 1691 filia,
1110 1616 1175 1678 viri

112 1720 238 1801 optimis
258 1710 391 1799 ingeniis
415 1721 495 1780 male
515 1721 566 1782 usi
589 1719 670 1783 uitae
691 1718 862 1800 mortisque
871 1701 1016 1779 ⁴habuere
1034 1717 1174 1798 exitum3

112 1825 212 1908 quisi
234 1824 355 1887 ciuilem
376 1822 533 1902 dignitatis
555 1821 773 1902 concupissent
786 1819 930 1896 modum,
950 1819 1102 1902 quicquid
1122 1833 1208 1882 tu-rs

79 1937 97 1990 2
112 1924 297 1986 multuando
319 1925 448 2004 adipisci
465 1928 651 2003 gestierunt,
674 1924 786 2004 quietis
803 1924 967 1985 obtulisset
983 1942 1066 2003 resp.
1087 1923 1176 1984 Huic

113 2026 267 2089 atrocitati
298 2025 452 2086 adiectum
474 2028 573 2088 scelus
595 2026 734 2088 unicum.
767 2027 883 2107 quippe
918 2026 1040 2087 iuvenis
1068 2027 1176 2105 specie

114 2126 268 2189 excellens
292 2126 427 2188 necdum
448 2126 734 2191 duodevicesimam
750 2140 960 2206 transgressus
977 2148 1095 2188 annum
1112 2130 1175 2191 im·

112 2232 279 2312 munisque
302 2228 486 2292 delictorum
503 2245 726 2312 paternorum,
747 2229 774 2291 F
775 2231 841 2291 ulvi
854 2230 957 2294 Flacci
970 2230 1061 2308 filius,
1076 2252 1175 2312 quem

111 2344 204 2413 pater
224 2331 361 2408 legatum
381 2330 419 2392 de
441 2333 677 2395 condicionibus
699 2335 841 2408 miserat,
863 2335 901 2395 ab
925 2332 1051 2414 Opimio
1070 2335 1211 2398 inter-ao

113 2444 236 2514 emptus
258 2444 313 2500 est.
356 2454 450 2515 quem
472 2456 544 2496 cum
564 2437 725 2517 haruspex
752 2437 874 2498 Tuscus
903 2437 1020 2498 amicus
1043 2437 1175 2500 flentem

113 2534 146 2595 in
168 2535 294 2598 vincula
316 2533 389 2596 duci
408 2536 554 2615 vidisset,
570 2535 665 2612 ‘Quin
686 2552 720 2599 tu
741 2540 801 2600 hoc
823 2539 946 2619 potius,
974 2539 1098 2622 inquit,
1125 2540 1175 2600 fa-

114 2635 179 2698 cis?
200 2639 408 2720 protinusque
429 2640 523 2701 inliso
544 2641 644 2721 capite
664 2640 699 2701 in
720 2654 849 2721 pontem
869 2640 1029 2722 lapideum
1057 2641 1174 2702 ianuae

80 2742 245 2808 scarceris
281 2739 445 2823 effusoque
477 2746 607 2806 cerebro
642 2744 808 2825 expiravit.
863 2742 1066 2825 crudelesque
1093 2763 1175 2806 mox

115 2844 315 2927 quaestiones
345 2845 380 2907 in
417 2843 532 2907 amicos
565 2846 755 2928 clientesque
791 2846 1006 2907 Gracchorum
1045 2843 1172 2906 habitae
1181 2875 1212 2916 π

115 2958 199 3008 sunt.
242 2944 304 3007 Sed
327 2945 505 3026 Opimium,
526 2948 630 3011 virum
651 2947 792 3033 alioquin
815 2961 956 3011 sanctum
984 2959 1014 3008 et
1035 2968 1174 3026 gravem,

116 3047 297 3109 damnatum
318 3060 428 3129 postea
447 3047 563 3113 iudicio
584 3055 712 3134 publico
735 3039 886 3114 memorii
907 3049 1004 3129 ipsius
1026 3048 1174 3112 saevitiae

82 3151 323 3219 411ullacivilis
346 3164 509 3231 persecuta
532 3165 578 3214 est
597 3151 823 3215 misericordia.
872 3146 989 3208 Eadem
1016 3144 1177 3212 Rutilium

115 3254 353 3336 Popiliumque,
388 3255 443 3336 qui
477 3254 589 3320 COSS.
629 3254 798 3338 asperrime
828 3254 863 3312 in
893 3250 1002 3312 Tiberi
1039 3249 1178 3314 Gracchi

117 3355 232 3418 amicos
256 3357 446 3435 saevierant,
467 3372 577 3440 postea
606 3358 794 3422 iudiciorum
826 3354 1025 3434 publicorum
1060 3354 1214 3426 meritoss

186 3546 213 3597 8.
232 3546 346 3595 armatos
383 3545 426 3597 ts.
445 3543 487 3599 Ti.
507 3541 619 3599 Gracchi
654 3545 698 3596 23.
723 3544 824 3608 postem
869 3541 913 3592 at.
932 3537 1006 3590 istius
1049 3539 1093 3588 28.
1112 3553 1176 3605 pto-

115 3620 206 3666 sscuta
241 3619 287 3669 28.
306 3615 442 3684 Rupilium

150 3761 177 3811 3.
196 3757 332 3824 armatus]
357 3759 413 3810 ΑΡ.
436 3768 558 3812 armatos
572 3760 624 3813 bR.
696 3753 1175 3826 23.pontem]APb.postemAldrts.R.

151 3832 178 3881 9.
203 3827 326 3878 hostibus
350 3828 424 3890 ems,
453 3827 557 3898 gladio]
594 3833 625 3884 Α.
696 3832 741 3881 26.
760 3827 892 3896 alioquin]
919 3828 950 3878 A.
976 3824 1079 3895 alioqui
1097 3825 1174 3878 PbR.

115 3897 256 3950 Puteanus.
276 3899 310 3950 R.
329 3895 467 3954 hostibus,
484 3899 543 3950 sius
563 3901 627 3970 gla—
697 3904 741 3952 at.
756 3897 853 3966 ipsius]
864 3899 960 3950 leR.
970 3894 1175 3950 istiusCludius.

116 3966 160 4016 dio
177 3968 226 4020 Pb.
698 3973 744 4024 28.
758 3969 911 4038 persecuto]
946 3966 1043 4020 APbR.
1080 3983 1176 4033 prose-

153 4039 329 4104 to.Ga1].t.
355 4041 418 4092 Gaii
436 4044 466 4095 P.
493 4035 552 4090 Caii
574 4039 627 4090 bR.
664 4049 730 4090 ruta
749 4040 863 4094 Clodius.
882 4041 984 4093 Rursus
1004 4037 1128 4088 Halmius.

131 4108 196 4228 112,
216 4111 243 4161 0.
262 4112 388 4182 Gracchi]
409 4115 461 4167 ΑΡ.
486 4109 525 4162 Ti.
543 4111 629 4159 Grac·-
700 4112 907 4178 saltantium]
939 4109 1010 4163 hl'b.
1037 4106 1176 4175 Rupilium

116 4178 159 4228 cti
178 4179 230 4233 tlt.
664 4183 752 4236 Aldus.
771 4183 805 4236 R.
