2564 4590
484 225 533 239 ..
585 176 768 272 rsa..
866 287 889 305 .

110 377 269 461 auspiciis,
293 375 485 454 triumphare
508 367 675 441 debuerat,
705 364 894 428 ornamentis
914 365 1160 448 triumphalibus

111 479 321 543 consentiente
343 495 414 536 cnm
432 470 549 533 iudicio
571 466 749 546 principum
776 468 937 529 voluntate
961 483 1093 531 senatus
1109 483 1162 531 est.

78 583 166 643 sltta
189 593 286 641 aestas
312 579 484 639 niaximum
514 571 588 632 belli
610 569 837 631 consummavit
867 569 1005 631 effectus.
1045 572 1163 653 quippe

109 684 236 764 perusia
263 679 452 742 aedesitiales
480 675 643 736 Delmatae
674 669 734 730 situ
764 673 906 733 locorum
931 693 966 731 ac
992 673 1164 749 montium,

110 785 307 863 ingeniorum
328 781 462 854 ferocia,
484 775 564 836 mira
585 773 677 832 etiam
698 772 859 851 pugnandi
880 772 1008 835 scientia
1023 785 1057 834 et
1072 794 1181 853 prae-s

112 883 381 967 cipneangustiis
420 881 554 940 saltuum
588 895 688 955 paene
713 875 972 954 inexpugnabiles
1000 895 1071 936 non
1103 875 1167 935 iam

114 991 228 1063 ductu,
251 985 305 1046 sed
327 984 469 1044 manibus
492 993 583 1062 atque
606 977 699 1037 armis
718 975 816 1055 ipsius
849 975 989 1037 Caesaris
1018 988 1091 1037 tum
1114 975 1169 1037 de·

81 1102 199 1155 binum
220 1086 323 1167 pacati
345 1098 432 1158 snut,
456 1103 526 1144 cum
547 1099 645 1162 paene
672 1077 814 1138 funditus
836 1077 936 1141 eversi
954 1080 1076 1140 forent.
1109 1079 1169 1140 Ni-

112 1194 158 1253 hil
178 1193 211 1251 in
229 1191 289 1249 hoc
310 1199 395 1248 tanto
425 1187 524 1260 bello,
547 1182 626 1242 nihil
646 1180 681 1239 in
699 1179 871 1240 Germania
893 1191 946 1241 ant
965 1178 1078 1240 videre
1100 1201 1167 1240 ma·

112 1299 162 1356 ius
182 1304 236 1355 aut
256 1289 365 1352 mirari
384 1288 480 1366 magis
500 1285 608 1366 potui,
637 1302 730 1364 quam
753 1280 837 1362 quod
868 1281 1055 1360 imperatori
1079 1303 1200 1341 nun-n

114 1415 209 1477 qnam
231 1391 308 1451 adeo
330 1391 393 1449 ulla
418 1401 574 1466 oportuna
595 1384 661 1444 visa
682 1394 728 1443 est
748 1383 895 1447 victoriae
916 1386 1049 1460 occasi0‚
1072 1405 1170 1466 quam

115 1496 229 1556 damno
253 1490 357 1551 amissi
383 1501 526 1566 pensaret
547 1487 652 1546 militis
681 1506 865 1567 semperque
891 1484 995 1547 visum
1028 1499 1079 1546 est
1102 1489 1171 1565 glo-

113 1597 252 1667 riosum,
274 1589 358 1672 quod
383 1602 462 1650 esset
482 1589 670 1650 tutissimum
694 1600 814 1650 stante
838 1580 1045 1649 conscientiae
1066 1590 1172 1651 famae

115 1698 290 1757 consultum
319 1716 430 1756 nerum
453 1691 539 1773 qnod
573 1690 702 1751 consilia
737 1688 823 1751 ducis
849 1687 964 1750 iudicio
1002 1693 1172 1768 exercitus,

116 1797 170 1859 sed
191 1797 344 1859 exercitus
366 1792 564 1876 >providentia
586 1789 673 1850 ducis
692 1803 795 1851 rectus
823 1803 878 1852 est.
1179 1802 1202 1841 ss

83 1928 99 1977 l
203 1914 317 1975 cxvi.
358 1914 472 1992 Magna
491 1914 524 1971 in
551 1913 635 1972 bello
657 1910 831 1969 Delmatico
863 1907 1084 1989 experimenta
1107 1909 1174 1972 vir·

116 2016 190 2077 tutis
211 2018 244 2076 in
265 2016 380 2075 multos
403 2007 437 2073 ac
466 2010 597 2072 difficilis
625 2013 711 2072 locos
742 2009 930 2089 praemissus
962 2009 1174 2073 Germanicus

83 2116 220 2194 2dedit3
243 2115 357 2176 celebri
386 2114 478 2174 etiam
507 2132 603 2191 opera
634 2112 773 2190 diligenti
804 2113 891 2191 quib.
917 2113 966 2171 ius
983 2106 1173 2173 ¹Postumus

116 2223 165 2281 vir
188 2219 374 2293 consularis,
398 2217 474 2299 quin
495 2216 615 2296 positus
636 2213 809 2274 Delmatiae
841 2224 1023 2273 ornamenta
1053 2215 1175 2274 meruit

115 2318 326 2395 triumphalia.
357 2338 450 2396 quem
477 2320 631 2377 honorem
653 2328 723 2375 ante
743 2335 858 2394 paucos
878 2334 976 2375 annos
1000 2316 1209 2382 Passienusso

118 2431 147 2480 et
171 2416 300 2491 Cossus,
323 2418 382 2478 viri
413 2416 599 2498 quibusdem
620 2416 749 2479 diversis
771 2418 939 2480 virtutibus
961 2417 1118 2497 celebres,
1138 2419 1174 2478 in

187 2591 212 2639 2.
232 2565 339 2639 senatus*
354 2587 464 2640 donatus
484 2594 523 2640 est
559 2593 585 2640 3.
604 2591 708 2640 marinii
744 2594 769 2655 3„
785 2591 880 2656 quippe
899 2591 1026 2641 Perustae
1046 2597 1076 2642 et
1094 2592 1174 2644 Desi-

115 2660 191 2709 tiates
206 2659 341 2709 Delmatae
379 2663 421 2710 13.
437 2661 608 2711 conscientiae
620 2676 695 2726 qnam
708 2661 790 2711 lamae
817 2663 860 2710 14.
874 2676 1046 2726 necunquam
1061 2662 1175 2713 consilia

115 2733 158 2781 18.
178 2730 257 2781 celeri
274 2730 351 2782 etiam
369 2745 450 2798 opera
466 2730 736 2797 diligentiqne‘vibius
747 2732 888 2783 Postumus
913 2735 956 2784 19.
972 2733 1016 2797 qui
1029 2733 1173 2799 impositus

149 2879 176 2926 2.
202 2884 313 2926 senatus
338 2874 390 2940 est]
418 2874 473 2926 ΔΡ.
509 2882 621 2924 senatus
691 2877 733 2925 18.
753 2871 876 2941 diligenti
897 2871 969 2943 quib.
994 2872 1038 2923 ius
1064 2875 1176 2939 Postu-

116 2943 232 2995 donatus
249 2953 290 2994 est
309 2944 455 2996 Rhenanus.
473 2945 524 2996 bR.
657 2944 725 3009 mus]
745 2946 775 2995 Α.
796 2943 846 3006 (cui
866 2942 890 2994 h.
909 2944 926 2997 l.
946 2943 1071 2995 maiorem
1091 2946 1175 2998 fidem

150 3018 175 3066 3.
195 3013 348 3081 maximum)
367 3016 398 3066 A.
417 3015 525 3065 inanimi
545 3015 621 3068 PbR.
656 3015 742 3066 tribuo
761 3029 835 3079 quam
855 3013 978 3065 Buterio:
1006 3013 1175 3083 „Exemplar

149 3088 176 3137 4.
192 3083 302 3151 perusio
314 3083 494 3150 aedesitiules]
515 3078 545 3137 h.
569 3087 622 3134 Pe·
656 3091 786 3136 vetustum
805 3083 896 3134 habet:
914 3083 967 3136 Iul.
980 3084 1173 3152 Postumus.’‘)

115 3153 191 3203 rusia
210 3154 274 3202 aede
294 3153 400 3204 sieiales
422 3155 466 3220 P.)
489 3158 622 3206 Perustae
658 3153 831 3222 diligentique
876 3153 970 3204 Vibius
1018 3157 1174 3207 Postumus

114 3230 142 3270 et
162 3221 312 3272 Desitiates
332 3225 445 3276 Vossius.
461 3226 495 3276 R.
513 3221 624 3275 Daorisi
658 3223 774 3288 Pighius.
792 3225 827 3276 R.
856 3222 992 3293 (diligenti
1017 3225 1050 3293 Q.
1076 3225 1174 3278 Iulius

114 3298 141 3339 et
159 3289 309 3342 Desitiates
328 3293 364 3356 b.)
658 3296 804 3346 Postumus
823 3294 858 3359 b.)
1126 3341 1129 3346 .

149 3361 175 3411 4.
184 3357 414 3427 Delmatae]Bbll.
421 3358 623 3413 DalmataeAP.
697 3367 740 3414 19.
759 3362 908 3414 consularis
926 3362 991 3434 quin
1005 3363 1128 3432 positus]
1140 3367 1174 3420 A.

150 3433 193 3480 13.
198 3427 307 3498 suniae]
318 3436 350 3485 A.
358 3449 439 3501 quam
443 3429 623 3498 famuePbll.
659 3430 808 3482 consularis
831 3433 878 3503 qui
903 3432 1044 3501 impositus
1072 3435 1110 3487 0.
1135 3438 1176 3488 tte

149 3502 191 3551 14.
210 3517 303 3550 necum
319 3500 401 3573 quod]
420 3501 474 3553 AB.
501 3517 548 3551 nec
571 3518 624 3551 un·
658 3509 688 3552 ut
713 3505 870 3555 constructio
898 3505 947 3555 sit:
980 3503 1057 3554 celeri
1085 3505 1175 3558 etiam

114 3586 194 3640 quem
213 3571 287 3623 PbR.
659 3571 932 3642 opernstiligentique
952 3571 1047 3624 Vibius
1064 3575 1174 3626 Postu·
1205 3584 1212 3595 ⁸

150 3645 194 3692 16.
221 3640 382 3708 Delmatico]
404 3641 487 3694 ABR.
506 3638 623 3692 Delma·
658 3658 717 3692 mus
735 3658 833 3712 niagno
856 3641 1036 3710 experimenta
1059 3640 1174 3696 bellicae

84 3743 88 3748 .
113 3710 167 3761 tiso
185 3709 233 3762 Pb.
657 3711 770 3762 virtutis
786 3711 868 3776 dedit,
883 3712 930 3780 qui
946 3719 994 3764 cet.
1035 3714 1173 3782 ‚diupo-si-

150 3785 193 3831 tt.
221 3779 331 3847 multos]
369 3780 466 3833 subu.
503 3779 620 3832 incultos
656 3789 702 3832 tus
721 3789 805 3834 autem
825 3783 971 3850 provinciae
999 3784 1040 3835 vel
1069 3786 1171 3852 populo

114 3850 247 3902 Heinsius.
656 3851 748 3903 alicui’
775 3851 922 3917 frequenter
947 3853 1016 3921 apud
1044 3853 1170 3909 Tacitum

150 3925 192 3973 18.
212 3918 315 3986 celebri]
331 3919 411 3973 APR.
429 3918 506 3972 celeri
519 3921 552 3974 0.
569 3922 622 3973 Ce-
656 3921 683 3973 in
716 3923 805 3989 primis
836 3925 972 3989 reperitur.
1005 3923 1169 3984 consularia,

114 3990 242 4044 lenitatem
260 3993 395 4058 aliquoties
421 3992 488 4042 inter
516 3991 622 4043 bellicas
652 3992 825 4060 praepositus
842 3994 917 4045 PbR.

114 4060 202 4111 laudes
216 4063 347 4127 praedicnt
363 4062 485 4118 Velleius.
503 4060 621 4126 (celebris
693 4066 735 4113 19.
754 4062 917 4130 Delmatiae]
938 4063 1020 4120 ABR.
1048 4063 1168 4117 Dalma-

115 4129 207 4183 Burer.
226 4131 261 4195 b.)
657 4131 712 4184 tias
729 4132 777 4186 Pb.
