2536 4590
521 180 751 252 ..2.-

110 369 165 452 qui
196 389 229 431 se
264 369 396 430 etiamn
426 370 550 453 Pyrrho
581 369 710 431 Achillis
740 369 804 434 fillo
838 371 953 436 virtute
988 370 1165 437 vindicavit.

109 493 182 531 nam
210 472 305 561 qnod
322 486 430 552 pactae
453 475 519 535 eins
541 475 680 535 Menelai
702 488 796 556 atque
817 476 954 536 Helenae
978 478 1058 538 filiae
1080 480 1165 539 ller-

77 574 227 634 lrniones
254 578 378 655 nuptias
402 589 626 656 occupaverat,
649 577 781 658 Delphis
805 600 875 638 enm
900 578 1061 640 interiecit.
1103 582 1166 638 Per

108 678 185 738 haec
208 689 348 757 tempora
368 678 477 755 Lydus
500 691 530 737 et
550 678 733 756 Tyrrhenus
755 679 867 738 fratres
896 702 966 740 cnm
998 694 1165 758 regnarent

109 779 142 838 in
169 779 288 859 Lydia,
326 779 485 838 sterilitate
508 778 633 855 frugum
667 777 821 854 compulsi
845 779 944 836 sortiti
977 794 1067 853 sunt,
1092 794 1184 837 utcrs

109 901 180 940 eum
195 892 283 957 parte
308 878 513 939 multitudinis
541 878 641 956 patria
660 874 830 934 decederet.
848 952 851 957 Ι
872 876 946 936 Sors
961 879 1162 957 Tyrrhenum

109 980 252 1055 contigit:
282 992 446 1057 pervectus
476 980 511 1036 in
538 979 659 1036 Italiam
690 987 720 1034 et
751 977 820 1036 loco
844 988 873 1035 et
892 978 1002 1038 incolis
1032 991 1062 1037 et
1083 978 1164 1036 mari

108 1082 214 1141 nobile
235 1101 269 1139 ac
290 1093 478 1158 perpetuum
500 1100 517 1138 a
539 1098 571 1137 se
594 1097 710 1138 nomen
732 1075 825 1138 dedit.
875 1080 949 1140 Post
972 1078 1090 1141 Orestis
1114 1080 1163 1136 in-

107 1185 232 1243 teritum
246 1183 302 1244 filii
318 1183 384 1242 eius
400 1182 568 1242 Penthelus
584 1193 615 1240 et
628 1180 813 1240 Tisamenus
835 1201 1004 1260 regnavere
1017 1180 1164 1241 triennio.

75 1306 91 1356 1
194 1285 233 1348 II.
276 1286 359 1359 Tum
383 1285 448 1345 fere
471 1305 555 1344 anno
578 1285 766 1361 octogesimo
787 1297 859 1362 post
880 1286 1008 1345 Troiam
1033 1297 1202 1361 capuanum

107 1386 274 1448 centesimo
297 1399 326 1444 et
347 1386 494 1446 vicesimo
518 1407 613 1468 qnam
637 1387 788 1446 Hercules
821 1385 860 1445 ad
882 1385 956 1447 deos
982 1399 1165 1460 excesserat,

106 1489 231 1568 Pelopis
253 1489 434 1566 progenies,
467 1511 547 1570 quae
579 1490 666 1549 omni
687 1491 747 1550 hoe
771 1500 911 1568 tempore
943 1489 1041 1568 pulsis
1064 1490 1166 1547 Hera·

106 1587 193 1650 clidis
214 1590 424 1669 Peloponnesi
447 1593 614 1671 imperium
639 1592 835 1667 obtinuerat,
865 1594 903 1653 ab
924 1591 1068 1651 Herculis
1089 1612 1166 1669 pro·

105 1691 194 1768 genie
214 1694 391 1770 expellitur.
419 1696 524 1755 Duces
538 1679 747 1773 recuperandi
764 1695 887 1772 imperii
903 1695 991 1752 suere
1004 1693 1163 1766 Teminus,

107 1792 334 1872 Cresphontes,
352 1797 584 1874 Aristodemus,
608 1816 745 1879 quorum
765 1809 872 1858 atavus
890 1795 1002 1857 fuerat.
1044 1792 1164 1853 Eodem
1173 1810 1199 1847 ts

105 1895 173 1956 fere
195 1905 337 1973 tempore
359 1899 502 1957 Athenae
525 1901 583 1957 sub
607 1900 732 1975 regibus
745 1918 811 1957 esse
829 1896 1004 1973 desierant3
1031 1915 1165 1977 quarum

50 2060 59 2075 ·
105 1995 234 2056 ultimus
257 2015 316 2056 rex
339 1995 399 2055 luit
422 1996 544 2057 Codrus
566 1999 720 2057 Melanthi
740 1997 839 2070 filius,
861 1998 912 2056 vir
940 2018 1006 2057 non
1026 2011 1166 2076 praetcr-

108 2096 248 2176 eundae,
285 2098 400 2179 quippe
433 2120 503 2158 cum
533 2098 774 2159 Lacedaemonii
806 2097 893 2176 gravi
930 2100 1013 2158 bello
1046 2099 1165 2158 Atticos

108 2212 289 2282 premerent
323 2198 599 2281 respondissetque
640 2200 791 2281 Pythius,
838 2218 974 2280 quorum
1017 2196 1083 2258 dux
1125 2199 1164 2257 ab

108 2305 198 2365 hoste
222 2314 303 2363 esset
325 2301 462 2379 occisus,
485 2321 538 2362 eos
560 2302 684 2362 futuros
706 2303 899 2381 superiores,
920 2300 1061 2380 deposita
1079 2311 1201 2360 vesteno

108 2406 194 2482 regia
213 2404 401 2483 pastoralem
427 2404 544 2464 cultum
576 2403 696 2480 induit,
724 2404 949 2484 immixtosque
972 2402 1078 2461 castris
1107 2403 1166 2462 ho-

109 2505 203 2566 stium
215 2504 252 2565 de
262 2503 429 2588 industria,
451 2505 668 2586 imprudenter
677 2503 720 2590 -Ι-
731 2507 834 2566 rixam
847 2505 949 2564 ‘ncies
962 2503 1166 2582 interemptus

79 2618 167 2676 2est.
210 2603 351 2666 Codrum
372 2628 443 2669 cum
475 2621 574 2669 morte
597 2621 723 2668 aeterna
754 2609 868 2687 gloria,
891 2607 1095 2667 Athenienses
1117 2627 1166 2665 se-

111 2717 180 2768 cuta
200 2706 331 2768 victoria
353 2721 407 2768 est.
451 2706 529 2783 Quis
550 2732 622 2770 eum
644 2733 710 2773 non
730 2711 876 2785 miretur,
900 2709 955 2790 qui
975 2709 1024 2768 his
1045 2710 1164 2769 artibus

109 2818 243 2869 mortem
272 2810 453 2892 quaesierit,
483 2813 596 2893 quibus
623 2813 661 2872 ab
692 2811 811 2889 ignavis
840 2812 905 2873 vita
934 2810 1042 2892 quaeri
1063 2807 1200 2870 soletias·

182 2965 207 3012 9.
236 2963 371 3016 Penthilns
415 2971 457 3018 14.
488 2968 618 3020 Temenus
662 2972 704 3019 15.
724 2967 819 3018 abavus
860 2968 904 3016 21.
930 2967 1020 3016 castele
1045 2963 1165 3029 hostium,

109 3033 300 3099 imprudenter,
316 3035 348 3085 de
361 3036 485 3088 industria
502 3041 583 3090 rixam
599 3040 684 3102 ciens,
704 3040 873 3104 interemptus
886 3043 933 3087 est.
970 3039 1014 3086 24.
1028 3037 1058 3087 iis

147 3161 173 3208 1.
198 3156 253 3224 qut]
279 3159 356 3211 PbR.
386 3160 450 3228 quin
478 3162 619 3228 Wopkens.
655 3125 763 3211 rixam-⁶
773 3161 844 3209 acies
867 3160 1111 3226 interemptorem]
1132 3162 1163 3212 B.

111 3227 164 3278 Otr.
183 3228 259 3278 Hand
280 3231 312 3280 ad
329 3231 419 3296 Wopk.
440 3234 527 3284 Lectt.
548 3233 619 3283 Tull.
656 3231 697 3295 (de
716 3231 735 3278 i.
753 3231 828 3297 impr.
847 3229 1007 3279 rixarrirtcies
1019 3231 1069 3282 irat.
1082 3241 1123 3280 est
1134 3233 1165 3283 P.

111 3316 137 3366 p.
148 3302 210 3349 275.
229 3298 337 3367 (quibas
354 3301 489 3367 Halmius.)
656 3301 688 3349 de
706 3301 724 3348 i.
743 3301 818 3364 impr.
844 3300 931 3349 rixam
957 3300 1027 3350 ciens
1049 3301 1100 3350 int.
1124 3311 1166 3350 est

146 3371 173 3421 2.
195 3378 292 3434 pactae
320 3370 388 3436 eius]
412 3371 487 3422 PbR.
521 3379 620 3439 pactae
656 3371 747 3422 Buter.
757 3372 793 3434 b.)
806 3370 980 3420 deindastria
993 3370 1079 3420 rixam
1088 3371 1165 3433 ciens,

110 3439 136 3488 ei
157 3439 246 3490 Aldus·
273 3440 331 3494 Det.
358 3442 415 3490 eius
441 3442 621 3506 llottittgerus.
656 3441 837 3508 irrtprucierrter
854 3441 1028 3507 interemptas
1044 3450 1085 3490 est
1103 3441 1166 3491 Aci-

146 3514 174 3564 7.
191 3512 343 3575 pervectus]
357 3512 432 3562 PbR.
448 3511 472 3562 is
481 3522 621 3579 pervectus
657 3513 748 3563 dolius.
766 3513 799 3564 R.
818 3512 930 3564 Leviore
950 3513 1027 3563 etiam
1045 3519 1164 3576 transpo-

111 3580 278 3631 Muockerus.
330 3614 337 3624 -
656 3585 749 3634 sitione
768 3583 885 3634 turbatus
912 3581 952 3632 hic
970 3584 1042 3633 locus
1061 3582 1162 3632 restitui

112 3714 115 3722 Ι
129 3713 132 3717 ⁴
146 3653 174 3703 9.
186 3649 402 3716 pertinatiam.
413 3650 557 3704 Penthilus
569 3653 622 3704 Ur·
656 3669 733 3721 posse
750 3655 865 3717 videtur,
885 3654 998 3704 scilicet:
1013 3652 1164 3700 inornatus-

111 3720 190 3770 sinus.
211 3721 245 3770 R.
645 3741 706 3794 'que
719 3725 816 3774 castris
830 3725 961 3787 hostiam,
976 3721 1165 3790 imprudenter,

148 3791 189 3841 14.
211 3788 344 3855 teatinus]
360 3791 409 3845 Pb.
428 3794 556 3844 Temenus
571 3793 619 3844 Li·
657 3796 687 3844 cle
707 3794 844 3845 irzdastria
861 3794 948 3844 rixam
971 3794 1057 3854 ciens,
1079 3791 1164 3840 inter-

111 3860 191 3927 psius·
211 3860 245 3909 R·
654 3875 758 3933 eruptus
776 3875 825 3918 est.
842 3865 941 3930 (rixam
957 3862 1076 3914 iniicienr
1091 3860 1164 3913 Rhe-

150 3933 190 3982 15.
209 3930 320 3995 atavus]
339 3929 415 3986 PbR.
434 3930 538 3984 abavus
553 3937 616 3987 Sca·
654 3937 755 4001 nanus.)

113 4000 186 4064 ligef-
691 4011 735 4059 24.
761 4007 826 4076 Quis
844 4005 913 4058 enim
936 4019 996 4053 eum
1025 3999 1164 4054 Ruhnken.

148 4073 191 4119 16.
205 4069 277 4137 sere]
297 4069 357 4123 BR.
370 4068 459 4139 sternte
476 4073 525 4125 Pb.
657 4079 684 4129 iu
703 4077 769 4130 Add.

147 4142 191 4191 22.
211 4139 242 4189 de
264 4140 416 4208 industria,
442 4143 624 4214 irrrprudenter
693 4151 737 4202 24.
756 4148 809 4214 liis]
828 4143 902 4198 Per.
922 4141 1007 4200 tiso.
