2564 4590
453 154 825 273 '..200..

158 381 323 435 subduxerat.
347 377 410 434 ibid.
425 381 450 431 5.
471 380 525 431 eius
552 379 615 430 actis
634 378 661 428 in
696 377 742 430 Cn.
761 378 910 445 Pompeius,
929 378 1021 444 Magni
1040 379 1124 434 tilitas.
1156 381 1191 442 2,
1208 381 1247 439 55,

157 455 219 505 Asia
231 451 489 518 invidia-optimatum
508 450 661 514 refragatur.
731 452 757 500 2.
775 450 830 500 eins
844 450 983 514 ingenium.
1002 447 1068 501 ibid.
1082 451 1181 513 ingens
1199 448 1248 498 bel·

157 522 219 574 ibid.
246 536 304 572 cnm
329 523 442 573 Caesare
461 528 487 572 et
505 521 599 571 Crasso
619 535 662 570 so·
732 520 784 570 lnm
804 521 829 571 in
846 521 972 587 Hispania
992 525 1087 570 contra
1107 521 1247 571 Caesare·

156 595 275 644 cietatem
295 589 424 657 potentiae
440 594 494 642 init.
518 594 551 654 2,
568 594 618 651 44,
638 594 662 640 l.
733 591 835 642 conflat.
854 589 916 642 ibid.
942 592 1031 656 pulsus
1049 594 1080 640 et
1099 592 1248 641 vnlneratus

157 679 208 729 qua
226 663 258 713 de
277 676 362 715 causa.
380 661 443 712 ibid.
457 665 485 715 2.-
502 662 580 712 filiam
594 661 663 709 Cae·
733 660 760 710 in
778 660 840 724 iuga
858 661 1017 712 interficitur.
1034 658 1102 712 ibid.
1123 663 1151 712 4.

158 735 238 795 saris,
256 733 361 796 Iuliam,
380 732 459 785 ducit.
479 730 542 782 ibid.
559 736 584 782 3.
604 731 663 781 coll.
698 728 761 781 Sex.
779 732 936 796 Pompeius,
955 731 1045 794 Magni
1065 731 1147 782 filius.
1168 733 1195 794 2,
1208 733 1245 781 72.

108 850 111 854 .
159 807 203 866 47,
222 807 249 852 2.
277 803 309 853 de
328 803 454 854 Cicerone
473 816 598 868 oppresso
618 815 662 850 su-

157 880 271 940 spectus.
289 876 321 936 2,
340 876 390 936 45,
408 877 434 923 2.
455 872 567 923 restituit
585 869 662 920 Cice-

155 959 253 994 ronem.
283 941 346 992 ibid.
365 947 390 993 3.
420 943 509 992 consul
539 956 596 990 cnm
623 939 660 989 M.

157 1015 261 1067 Crasso.
278 1015 310 1074 2,
328 1014 379 1074 46,
395 1016 425 1069 ,1.
446 1013 504 1075 lege
522 1012 575 1061 lata
593 1010 662 1060 Cae-

156 1086 207 1134 sari
244 1082 401 1146 provinciam
441 1081 603 1147 prorogavit,
635 1085 661 1129 et

155 1154 249 1204 Crasso
275 1153 377 1214 Syriam
405 1150 526 1204 decrevit.
552 1149 616 1204 ibid.
635 1154 661 1199 2.

155 1225 211 1276 eius
229 1237 295 1272 uxor
313 1228 341 1272 et
358 1223 425 1273 iilius
443 1238 477 1272 ex
497 1237 529 1272 ea
546 1221 663 1272 moriun-

154 1302 204 1346 tur.
223 1297 249 1352 2,
267 1295 309 1355 47,
328 1296 354 1343 2.
374 1294 469 1350 'consul
488 1292 543 1342 sine
562 1292 663 1355 collega

154 1364 277 1416 ambitum
295 1365 407 1414 coircet.
435 1360 498 1415 ibid,
517 1366 543 1412 3.
569 1377 661 1412 recon-

154 1436 255 1486 ciliatus
273 1447 331 1483 cum
349 1433 529 1498 optimatibus,
559 1448 575 1482 a
593 1432 661 1481 Cae-

158 1519 215 1557 sare
235 1502 360 1552 alienatus
379 1509 427 1552 est.
454 1499 516 1553 ibid.
536 1505 560 1554 3.
582 1501 661 1550 Milo·

155 1589 215 1625 nem
230 1572 367 1622 damnavit.
386 1569 448 1622 ibid.
464 1575 488 1622 4.
510 1570 661 1636 Hispaniam

156 1643 311 1709 provinciam
330 1656 402 1692 snam
421 1656 468 1707 per
494 1642 594 1706 legatos
614 1640 662 1691 ad-

155 1713 316 1764 ministravit.
342 1717 375 1776 2,
404 1715 452 1775 48,
481 1715 505 1762 1.
532 1712 661 1762 dimittere

155 1783 296 1834 exercitum
322 1782 537 1833 contendentibus
568 1781 661 1831 adver-

154 1860 240 1915 satur,
270 1851 389 1903 Caesaris
422 1852 531 1902 inimicis
566 1851 683 1904 favens..

154 1921 216 1974 ibid.
245 1922 396 1973 adversatur
426 1922 532 1972 Caesari
562 1923 662 1972 absenti

153 1995 180 2044 in
198 1993 310 2059 petendo
329 1994 462 2044 consulatu
486 1992 608 2043 secundo.
635 1997 661 2054 2,

153 2067 206 2124 30,
234 2067 259 2112 3.
289 2063 344 2112 eins
369 2062 496 2113 theatrum
521 2070 547 2113 et
577 2064 661 2114 ticina

733 801 758 850 4.
779 800 834 850 cius
852 801 981 864 ingenium
1002 807 1028 852 et
1044 817 1146 851 mores.
1166 804 1245 864 2,73,

733 874 758 921 1.
777 875 821 932 77,
841 874 867 921 2.
885 875 930 934 79,
949 876 974 922 5.
992 871 1019 921 iu
1039 871 1172 937 Hispania
1191 886 1243 920 cum

733 940 823 990 Asinio
837 942 955 992 Pollione
965 942 1060 991 bellum
1078 941 1172 1004 gessit.
1186 938 1241 991 ibid.

733 1012 759 1059 2.
778 1017 837 1076 post
864 1011 968 1061 Antonii
986 1027 1002 1062 a
1021 1011 1128 1062 Mutina
1158 1011 1240 1075 ingara

733 1079 793 1130 inde
811 1087 946 1132 revocatus
972 1087 998 1132 et
1018 1096 1082 1132 orae
1100 1082 1241 1132 maritimae

733 1150 887 1216 praefectus.
907 1148 968 1201 ibid.
996 1159 1124 1216 occupata
1149 1152 1241 1212 Sicilia,

733 1221 825 1286 recipit
842 1221 968 1287 profugos
996 1237 1029 1272 ex
1058 1222 1116 1272 acie
1145 1221 1240 1286 Philip·

733 1293 805 1357 pensi
824 1298 851 1343 et
869 1292 1035 1358 proscriptos.
1054 1295 1081 1350 2,
1096 1295 1141 1354 72,
1157 1296 1182 1342 5.
1200 1294 1240 1352 73,

732 1364 758 1412 3.
777 1377 848 1412 mare
873 1362 1013 1413 latrociniis
1040 1361 1155 1412 infestat
1181 1359 1239 1410 ibid.

732 1447 857 1482 annonam
876 1432 979 1483 Rornae
997 1438 1103 1497 gravem
1130 1431 1198 1482 iacit.
1215 1434 1239 1492 2,

732 1506 776 1563 77,
792 1505 815 1552 1.
832 1517 882 1568 pax
896 1517 955 1552 cnm
969 1517 1002 1552 eo
1021 1503 1089 1572 cirpa
1105 1502 1238 1552 Misenum.

732 1567 796 1622 ibid.
816 1573 953 1623 Octavium
967 1578 993 1622 et
1008 1573 1148 1623 Antonium
1163 1586 1238 1623 coena
1266 1562 1274 1653 l

707 1654 709 1657 ·
732 1640 759 1691 in
777 1643 834 1691 navi
853 1642 958 1708 excipit.
988 1639 1050 1692 ibid.
1071 1642 1165 1693 acerbe
1185 1649 1236 1692 tnnr

733 1712 789 1761 eins
815 1711 912 1762 dictum
944 1714 970 1763 in
1002 1713 1151 1763 Antonium.
1176 1709 1235 1760 ibid.

734 1782 823 1832 Sicilia
844 1788 871 1833 et
890 1780 985 1833 Achaia
1006 1783 1029 1832 ei
1049 1799 1114 1849 pace
1134 1797 1238 1834 conces·

733 1867 786 1902 sae.
819 1849 882 1906 ibid.
908 1856 933 1904 2.
971 1854 1086 1904 restituit
1123 1855 1242 1920 pactione

733 1923 892 1988 proscriptos
907 1929 934 1972 ct
948 1921 1073 1988 profugos
1090 1925 1114 1973 io
1124 1924 1240 1990 patriam.

733 1990 796 2042 ibid.
816 2008 855 2056 sq.
883 1993 997 2045 Statium
1016 1994 1137 2046 Murcum
1161 1995 1242 2045 inter·

733 2062 803 2113 iecit.
822 2061 885 2114 ibid.
897 2068 922 2113 3.
942 2065 996 2113 eins
1015 2065 1089 2115 vires
1100 2071 1129 2117 et
1142 2065 1242 2129 magni-

153 2132 277 2184 acdificia.
297 2130 359 2185 ibid.
378 2136 491 2197 2,,130,
512 2136 535 2182 1.
564 2133 596 2183 de
615 2149 661 2184 aea

153 2207 274 2269 grotnnte
308 2203 390 2255 eoin
420 2201 561 2267 Campania
587 2203 661 2253 ltalia

154 2279 214 2324 vota
232 2273 353 2338 suscepit.
379 2269 441 2325 ibid.
460 2274 552 2339 recipit
569 2274 660 2324 condi-

733 2132 804 2184 tudo.
823 2135 849 2196 2,
867 2137 911 2196 79,
931 2137 955 2184 1.
985 2133 1018 2183 ab
1043 2134 1155 2187 Octavio
1174 2136 1241 2186 bello

731 2204 836 2268 petitus.
851 2200 914 2255 ibid.
931 2219 968 2268 sq.
989 2204 1088 2255 cladem
1106 2206 1185 2257 infert
1198 2207 1242 2256 illi.

731 2271 793 2323 ibid.
813 2277 830 2322 3
849 2289 888 2338 sq.
916 2275 998 2325 victus
1024 2275 1130 2326 tandem
1154 2278 1241 2327 Asiani

154 2344 237 2394 tiones
255 2343 326 2406 pacis
343 2359 359 2391 a
374 2343 487 2392 Caesare
505 2345 660 2409 propositas,
733 2342 794 2406 suga
818 2345 892 2415 petiit
917 2350 943 2393 et
968 2343 1000 2395 ad
1019 2346 1162 2397 Antonium
1181 2362 1241 2413 pro-

154 2412 236 2463 donec
255 2411 335 2460 Curio
355 2425 398 2460 eas
416 2411 544 2464 discnssit.
562 2411 625 2465 ibid.
634 2417 659 2464 4.
732 2412 807 2476 sugit.
826 2411 888 2460 ibid.
906 2418 932 2464 5.
950 2415 1055 2466 Antonii
1073 2417 1148 2467 iussu
1165 2434 1180 2466 a
1195 2417 1240 2467 Ti-

153 2488 258 2535 senatus
283 2481 438 2531 auctoritate
465 2487 578 2531 armatus
597 2497 660 2532 con·
732 2483 769 2532 tio
788 2483 920 2546 iugulatus
939 2491 987 2536 est.
1005 2482 1070 2536 ibid.
1088 2491 1115 2540 5.
1144 2491 1196 2549 at,
1215 2490 1241 2538 2.

120 2600 123 2605 .
153 2560 194 2604 tra
212 2552 351 2602 Caesarem
376 2566 423 2615 pro
449 2565 524 2600 causa
551 2552 615 2617 reip.
635 2556 660 2613 2,
696 2549 1031 2618 Pomponius,equesR.‚
1046 2557 1173 2621 singulari
1191 2557 1241 2609 one
1268 2576 1272 2583 ·

153 2620 661 2685 aaa.transmtsttoyrrnaclnam.ibid.
732 2623 758 2671 in
777 2623 808 2673 C.
826 2623 980 2677 Gracchum.
998 2627 1032 2688 2,
1053 2631 1084 2688 6,
1112 2633 1138 2679 6.
1210 2624 1214 2628 ’

154 2697 180 2744 5.
200 2693 255 2742 eius
273 2693 339 2742 vires
358 2697 385 2741 et
402 2697 538 2742 terrestres
563 2698 660 2743 et‘na-
695 2693 853 2758 Pomponius
860 2693 1047 2758 (Atellanarum
1056 2699 1239 2763 anctor)2,9,6.

153 2763 231 2812 vales.
249 2765 282 2824 2,
301 2766 352 2824 51,
370 2765 396 2811 1.
418 2762 539 2812 obsessus
557 2778 573 2812 a
593 2763 660 2813 Cae·
695 2762 853 2828 Pomppnins
866 2765 985 2826 Flaccus,
1001 2768 1155 2832 consularis,
1167 2768 1241 2819 Rha-

152 2846 220 2883 sare.
232 2830 294 2881 ibid.
309 2835 335 2881 2.
356 2831 492 2883 Caesarem
506 2833 659 2899 profligavit.
730 2834 855 2898 scupolim
875 2849 890 2885 e
908 2850 988 2898 regno
1007 2851 1056 2886 sno
1069 2839 1196 2891 evocavit.
1215 2843 1242 2902 2,

152 2899 215 2953 ibid.
242 2908 307 2952 extr.
333 2902 470 2952 Caesarem
493 2902 519 2953 in
545 2902 660 2952 Thessa·
731 2906 792 2964 129,
807 2908 830 2955 1.
849 2905 905 2955 eius
917 2905 1015 2956 indoles
1024 2914 1051 2956 et
1064 2922 1159 2960 mores.
1176 2908 1242 2962 ibid.

153 2972 228 3034 liam,
258 2978 347 3021 contra
377 2973 516 3023 amicornm
545 2973 658 3034 consilia,
695 2969 725 3022 C.
734 2972 877 3036 Pontidius,
894 2974 947 3026 dux
963 2975 1122 3029 italicorum.
1142 2983 1242 3043 2,16,1.

151 3043 229 3095 armis
244 3043 367 3105 seqnitur.
386 3045 412 3104 2,
427 3047 471 3104 52,
489 3045 514 3092 2.
534 3043 658 3107 proingus
694 3042 802 3093 Pontius
818 3044 962 3096 Telesinus.
981 3042 1046 3098 ibid.
1065 3048 1120 3099 dux
1134 3050 1241 3101 Samni-

152 3125 185 3162 ex
203 3111 259 3161 acie
277 3110 432 3162 Pharsalica.
451 3116 477 3174 2,
492 3115 536 3174 53,
550 3117 573 3162 1.
593 3113 658 3162 ami·
729 3112 792 3163 tium
812 3115 929 3166 eximius.
948 3119 974 3179 2,
992 3119 1036 3181 27,
1056 3122 1083 3170 1.
1110 3120 1240 3171 Romanis

152 3182 189 3231 cis
204 3182 295 3231 melius
312 3178 490 3244 suadentibus,
510 3182 658 3247 Aegyptum
729 3182 914 3236 infestissimus.
947 3184 1011 3237 ibid.
1036 3200 1095 3253 aa·
1112 3192 1241 3241 acerrime

152 3264 182 3299 se
200 3252 325 3312 contulit,
350 3259 376 3300 et
395 3267 482 3315 quare.
501 3249 564 3304 ibid.
584 3267 658 3303 rece·

152 3319 191 3384 pit
217 3319 242 3367 in
267 3319 357 3368 itinere
377 3321 523 3370 Corneliam
548 3337 656 3372 uxorem

151 3403 167 3438 a
186 3387 325 3451 Mitylenis.
345 3386 407 3438 ibid.
423 3393 448 3440 2.
468 3389 557 3441 dolose
577 3392 658 3441 inter·

152 3463 244 3508 emtus.
256 3456 318 3508 ibid.
336 3459 378 3507 nix
392 3459 550 3525 sepulturam
569 3468 658 3512 nactus

151 3533 198 3578 est.
219 3525 280 3578 ibid.
301 3532 326 3578 3.
345 3544 420 3592 qnam
439 3536 551 3582 aetatem
562 3532 656 3595 attige-

150 3597 198 3658 rit,
224 3613 274 3662 qua
298 3599 355 3661 die,
384 3615 435 3663 qno
461 3615 527 3650 anuo
555 3603 656 3653 occisos

148 3666 248 3718 inerit?
266 3665 328 3718 ibid.
349 3673 418 3732 2sq.
438 3670 539 3732 quando
560 3671 655 3722 natus?

147 3733 210 3786 ibid.
230 3739 254 3788 4.
272 3738 327 3787 eins
341 3740 489 3802 magnitudo
502 3736 656 3790 declaratur.

149 3809 238 3869 aaa,
256 3810 283 3856 a.
310 3811 398 3864 aaa.
423 3812 583 3874 31·‚1sqq.
611 3814 655 3871 aa,

729 3268 787 3303 cnm
820 3255 893 3306 Sulla
910 3256 950 3306 ad
974 3263 1075 3322 portam
1110 3259 1239 3312 Collinam

730 3323 842 3375 dimicat.
861 3324 924 3377 ibid.
942 3343 993 3378 vox
1012 3328 1068 3378 eins
1092 3332 1240 3383 exercitum

729 3392 888 3446 exhortantis
904 3397 1030 3447 Romanis
1053 3399 1158 3451 intesta.
1176 3400 1240 3453 ibid.

728 3465 753 3512 2.
778 3467 879 3517 occisus
905 3467 975 3531 acie,
1007 3468 1114 3520 victoris
1140 3473 1239 3523 vultum

729 3536 860 3597 praetulit.
878 3532 940 3586 ibid.
956 3541 991 3588 3.·
1002 3537 1057 3588 eius
1073 3547 1155 3606 caput
1169 3544 1239 3593 circa

727 3604 868 3655 Praeneste
902 3612 1040 3670 gestatum.
1077 3608 1145 3663 ibid.
1182 3614 1238 3663 eius

726 3672 806 3723 irater
830 3676 912 3724 minor
936 3692 986 3727 una
1009 3693 1068 3729 cnm
1095 3678 1128 3731 C.
1153 3680 1238 3733 ilario

725 3741 778 3792 filio
796 3743 938 3796 Praeneste
955 3746 1089 3812 obsessus,
1117 3750 1146 3801 in
1163 3754 1237 3803 cuni-

725 3812 790 3862 cnlis
808 3815 961 3867 occubuisse
980 3815 1082 3868 dicitnr.
1098 3821 1128 3883 2,
1145 3824 1190 3882 27,
1207 3826 1233 3872 5.

151 3877 213 3926 let
230 3879 254 3926 6.
279 3879 328 3938 37,
348 3879 366 3926 4
388 3892 427 3941 sq.
451 3882 501 3932 40,
528 3883 601 3944 laq.
628 3884 653 3932 4.
688 3879 765 3930 Ponti
796 3881 912 3949 (Euxini)
948 3886 1037 3937 intima
1064 3903 1081 3938 a
1106 3889 1232 3958 Pompeio

149 3946 192 4024 47,
211 3949 236 3995 3.
256 3948 306 4006 48,
326 3949 351 3994 3.
369 3949 421 4008 53,
439 3951 464 3997 3.
489 3947 653 4013 Mitylenaeis
723 3958 864 4015 penetrata.
883 3957 916 4018 2,
935 3957 990 4018 40,
1010 3960 1034 4006 1.

149 4012 292 4064 libertatern
312 4015 432 4068 restituit.
451 4020 476 4071 2,
493 4020 535 4081 18,
554 4023 579 4071 3.
597 4026 653 4070 sta·
687 4018 789 4072 Pontici
812 4024 903 4087 maris,
919 4026 1067 4090 provinciae
1093 4029 1231 4083 avelleio

127 4096 130 4105 ·
148 4087 193 4130 tua
211 4085 324 4147 equestri
343 4082 488 4135 honoratus.
505 4091 539 4147 2,
557 4093 650 4149 01,3.
721 4090 799 4143 visae.
817 4094 849 4154 2,
870 4097 937 4156 101,
955 4097 982 4145 3.

146 4149 249 4214 Judices
268 4168 362 4207 cccix.
381 4154 452 4220 legit.
470 4157 497 4219 2,
515 4159 558 4219 76,
578 4158 601 4208 1.
684 4157 798 4227 Pontus,
823 4162 953 4230 provincia
978 4163 1056 4217 tacta.
1082 4168 1118 4232 2,
1135 4153 1230 4233 Am.
