2536 4590
504 171 764 245 ...40-

108 365 174 425 rius
203 362 353 446 aspiciens
386 361 620 441 Carthaginem,
652 359 708 421 illa
737 357 863 420 intuens
894 357 1052 438 Marium,
1085 360 1162 422 alter

109 466 199 529 alteri
222 480 349 548 possent
371 486 437 529 esse
459 463 581 526 solatio.

76 571 92 622 l
194 570 269 631 XX.
322 568 392 630 Hoc
429 566 566 649 primum
601 582 685 626 anno
718 560 868 640 sanguine
901 557 991 623 COS.
1026 557 1165 620 Romani

108 669 214 732 militis
234 670 373 732 imbutae
396 688 506 731 manus
530 674 618 745 sunt3
637 663 760 746 quippe.
775 663 944 745 Pompeius
961 660 1082 740 collega
1093 659 1164 723 Sul·

107 772 157 832 lae
185 775 224 835 ab
254 772 394 833 exercitu
426 769 484 832 Cn.
511 767 643 847 Pompei
675 766 872 847 proconsulis
906 761 1075 839 seditioni,
1111 760 1180 826 ssdt

75 881 206 958 2quam
230 872 297 935 dux
325 884 500 949 creaverat,
531 870 711 933 interiectus
746 880 802 931 est.
858 866 933 929 Non
965 877 1034 943 erat
1061 865 1165 929 Mario

109 973 310 1057 Sulpicioqus
340 974 442 1036 Cinna
471 972 685 1053 temperatior.
737 971 847 1052 Itaque
881 988 953 1030 cum
981 968 1027 1029 ita
1059 967 1167 1032 civitat

106 1075 214 1137 Italiae
238 1074 310 1137 data
335 1088 429 1151 esset,
453 1086 489 1137 ut
512 1074 547 1135 in
570 1085 641 1136 acto
665 1070 767 1133 tribus
792 1071 1068 1134 contribuerantur
1092 1067 1169 1133 navi

108 1176 208 1256 cives,
238 1198 278 1239 ne
308 1179 450 1259 potentia
478 1197 589 1239 eornm
620 1187 652 1236 et
681 1171 849 1235 multitudo
879 1185 1020 1236 veterum
1051 1171 1170 1235 civium

108 1274 289 1358 dignitatem
308 1280 465 1360 frangeret
485 1280 620 1361 plusque
640 1287 769 1357 possent
788 1276 906 1355 recepti
925 1274 961 1336 in
981 1274 1201 1337 beneficiumto

109 1400 204 1460 quam
229 1393 372 1443 auctores
392 1380 551 1455 beneficii,
577 1378 678 1440 Cinna
698 1378 733 1437 in
762 1377 909 1451 omnihus
938 1375 1085 1443 tribubus
1116 1396 1171 1439 eos

74 1494 141 1544 sse
167 1480 406 1544 distributurum
428 1481 585 1561 pollicitus
607 1492 677 1542 est*
704 1500 769 1561 quo
790 1478 919 1541 nomine
939 1478 1100 1557 ingentem
1120 1490 1171 1541 to·

108 1579 171 1643 tius
194 1582 299 1643 Italiac
323 1583 532 1664 frequentiam
551 1582 586 1643 in
608 1583 720 1644 urbem
744 1581 914 1659 acciverat3
938 1600 955 1640 e
976 1600 1039 1661 qua
1056 1581 1171 1660 pulsus

109 1684 242 1764 collegae
268 1684 528 1768 optimatiumque
549 1686 670 1749 viribus
702 1705 773 1745 cum
802 1684 838 1743 in
866 1680 1071 1761 Campaniam
1099 1694 1172 1743 ten·

111 1781 215 1864 deret,
238 1807 279 1849 ex
298 1787 480 1849 auctoritate
508 1801 634 1851 senatus
666 1787 844 1849 consulatus
875 1784 905 1845 ei
935 1785 1102 1862 abrogatus
1125 1795 1206 1847 sstts

110 1889 321 1971 suffectusqus
351 1889 386 1948 in
409 1890 475 1952 eius
500 1892 605 1953 locum
635 1890 674 1952 L.
705 1887 869 1950 Cornelius
896 1886 1022 1947 Merula
1053 1884 1174 1947 flamen

111 1988 211 2053 dialis.
253 1990 339 2050 Haec
359 1990 476 2050 iniuria
499 1991 628 2052 homine
658 2010 753 2072 quam
781 1988 926 2068 exemplo
957 1985 1081 2065 dignior
1102 1987 1175 2055 fuit.

77 2092 194 2155 tTum
224 2089 324 2154 Cinna
357 2093 513 2173 corruptis
546 2097 650 2175 primo
688 2094 925 2156 centurionibus
954 2111 989 2152 ac
1011 2091 1175 2171 tribunis,

109 2213 187 2255 mox
208 2197 302 2257 etiam
323 2215 377 2276 spe
399 2196 570 2275 largitionis
590 2196 762 2270 militibus,
793 2196 833 2256 ab
863 2213 900 2256 eo
923 2193 1085 2264 exercitu,
1113 2194 1173 2276 qui

110 2295 192 2354 circa
212 2295 328 2358 Nolam
349 2310 430 2372 erat,
443 2311 588 2378 receptus
605 2310 660 2362 est.
703 2298 734 2359 Is
748 2317 819 2359 cum
837 2296 1000 2359 universos
1016 2297 1051 2356 in
1069 2298 1208 2359 verbaso

111 2395 177 2455 eius
191 2395 338 2476 iurasset,
356 2400 494 2460 retinens
512 2400 646 2480 insignia
658 2402 838 2462 consulatus
856 2399 975 2479 patrias
986 2398 1105 2460 bellmu
1118 2399 1173 2459 in·

111 2496 191 2574 tulit,
205 2499 304 2561 fretus
318 2499 435 2578 ingenti
457 2521 589 2563 numero
608 2521 764 2563 novorum
785 2501 909 2573 civium,
926 2518 1096 2580 equorum
1114 2496 1173 2561 de·

109 2599 192 2660 lectu
203 2621 264 2666 ccc.
282 2603 414 2684 amplius
426 2605 570 2665 cohortes
584 2602 811 2683 conscripserat
823 2624 858 2664 ae
870 2599 1173 2681 triginta-legionum

77 2710 95 2763 5
111 2699 209 2764 instar
219 2704 411 2784 impleverat.
433 2704 520 2787 Opus
532 2719 599 2768 erat
610 2706 752 2788 partibus
772 2704 953 2767 auctoritate
968 2702 1066 2781 gratia
1080 2700 1175 2765 cauus

180 2875 207 2924 6.
226 2870 354 2924 seditione
390 2872 435 2926 20.
453 2871 589 2925 universus
623 2874 667 2925 24.
684 2872 857 2937 auctoritate3
873 2871 946 2923 cuius
963 2840 1099 2935 augendas

144 3012 621 3085 4·m⁰nu⁸³un²5quip1te]ABbR.
655 3016 762 3088 gendos
784 3016 840 3082 (um
867 3032 903 3066 zu
925 3013 1040 3076 metren)
1064 3012 1171 3066 infimae

110 3097 221 3135 manus:
242 3081 339 3151 quippo
354 3083 388 3137 P.
657 3094 700 3141 est
724 3085 873 3140 Latinitatis
899 3089 927 3136 st
943 3081 1093 3137 Rubnkenii
1120 3098 1172 3135 ert·

147 3155 174 3204 4.
199 3152 296 3222 quippe
333 3153 487 3221 Pompeius]
523 3157 622 3211 APbR.
657 3159 763 3226 plicatio
781 3161 917 3224 propterca
935 3152 1018 3202 miuus
1045 3155 1106 3214 apta
1127 3152 1173 3203 vi·

110 3219 607 3361 iiiiaidiiii‘iiiiiii..
656 3219 947 3351 titillabit
962 3219 1171 3342 ttttlttit:

166 3327 172 3340 .
207 3326 208 3332 ,
463 3334 470 3348 ,
608 3326 622 3339 .
941 3328 950 3354 ‚

110 3358 194 3410 citum
212 3376 342 3430 superscr.
365 3362 401 3416 ab
424 3368 456 3419 A.
481 3366 520 3417 od
545 3384 622 3419 exer·
656 3367 744 3430 ritas,
762 3380 820 3416 cum
838 3363 921 3413 tirum
934 3361 1052 3414 laudibus
1068 3361 1170 3416 bellicis

111 3428 194 3481 citum
212 3432 243 3485 P.
658 3437 740 3502 magis
757 3435 881 3498 insignem
896 3448 926 3485 ac
941 3432 985 3484 diu
1000 3433 1169 3500 ismspecta-

145 3503 172 3552 s.
192 3501 327 3569 seditioni]
347 3504 378 3556 Α.
396 3505 525 3558 seditione
547 3507 622 3560 rbtt.
658 3512 712 3559 tum
742 3511 829 3573 partes
860 3503 952 3555 ducam
979 3504 1084 3555 vellent.
1119 3503 1167 3555 ld·

146 3575 174 3625 6.
192 3573 341 3642 creaverat]
355 3576 624 3632 APRsexct'tovsrot
658 3578 729 3629 circo
755 3573 874 3640 equidem
901 3573 995 3642 gratia
1015 3589 1062 3641 pto
1085 3574 1167 3639 gloss.

109 3640 244 3697 Buterios.
259 3644 285 3697 b.
657 3660 739 3715 pravo
756 3646 815 3697 loco
839 3644 968 3697 inculcata
992 3642 1090 3707 babeo,
1113 3660 1167 3709 quo

146 3719 173 3766 t.
191 3712 372 3784 Suspicioque]
397 3717 429 3770 Δ.
454 3717 495 3781 (ut
518 3715 625 3779 uolebat
658 3718 806 3783 siguificare
823 3715 916 3780 aliquis
929 3716 1039 3767 voluerit
1056 3731 1097 3768 vs.
1117 3732 1165 3766 cu·

110 3780 270 3850 Rhenanus.)
289 3785 313 3836 b.
328 3784 446 3851 Sulpitt'o
464 3786 523 3839 PR.
601 3784 605 3789 ’
657 3787 702 3838 ius
720 3785 860 3854 augendos
878 3786 915 3837 iis
932 3802 990 3839 esse
1008 3785 1166 3852 accipiendas

146 3856 191 3908 20.
203 3854 620 3933 universosJAPmnivsrsosbR.
654 3873 685 3909 ao
703 3858 726 3908 si
744 3860 827 3908 esset:
846 3856 923 3908 cuius
944 3855 1083 3927 augendas
1097 3874 1167 3924 gro-

145 3926 190 3975 at.
206 3933 301 3994 gratio
318 3924 396 3975 cuius
422 3924 559 3994 augenda]
588 3931 619 3980 A.
654 3927 704 3978 tia.
741 3926 808 3979 Nam
832 3926 856 3979 h.
878 3926 894 3978 Ι.
923 3927 962 3979 sic
996 3933 1166 3993 transponere

108 3992 204 4059 gratia
221 3993 299 4047 cuias
322 3993 462 4064 augendas
478 3994 527 4047 Pb.
550 4012 618 4063 gra·
654 3997 747 4061 verba,
765 3997 814 4049 etsi
839 3997 915 4050 facila
933 4002 992 4061 est,
1015 3998 1165 4062 neutiquam

111 4060 168 4125 tia,
195 4062 272 4114 cuias
300 4063 440 4136 augendae
456 4064 492 4118 ll.
518 4062 618 4117 Neutra
653 4072 738 4119 tamea
755 4069 890 4136 probabile
907 4067 1016 4121 videtur.
1043 4066 1165 4136 (gratia.-

110 4134 177 4187 ratio
192 4139 279 4186 rectas
296 4151 355 4190 nam
368 4134 463 4207 gratia
477 4133 554 4187 cuius
565 4150 617 4187 au·
654 4137 697 4188 cui
713 4138 851 4210 augendas
869 4136 1049 4204 Boxltoraius.)
