<?xml version="1.0" encoding="UTF-8"?>
<!DOCTYPE html PUBLIC "-//W3C//DTD XHTML 1.0 Transitional//EN"
    "http://www.w3.org/TR/xhtml1/DTD/xhtml1-transitional.dtd">
<html xmlns="http://www.w3.org/1999/xhtml" xml:lang="en" lang="en">
 <head>
  <title>
</title>
<meta http-equiv="Content-Type" content="text/html;charset=utf-8" />
  <meta name='ocr-system' content='tesseract 3.04.00' />
  <meta name='ocr-capabilities' content='ocr_page ocr_carea ocr_par ocr_line ocrx_word'/>
</head>
<body>
  <div class='ocr_page' id='page_1' title='image "./cvelleipatercul00orelgoog_0021.png"; bbox 0 0 2536 4590; ppageno 0'>
   <div class='ocr_carea' id='block_1_1' title="bbox 313 491 976 596">
    <p class='ocr_par' dir='ltr' id='par_1_1' title="bbox 313 491 976 596">
     <span class='ocr_line' id='line_1_1' title="bbox 313 491 976 596; baseline 0.012 -22"><span class='ocrx_word' id='word_1_1' title='bbox 313 503 388 576; x_wconf 83' lang='lat' dir='ltr'>to</span> <span class='ocrx_word' id='word_1_2' title='bbox 441 503 609 578; x_wconf 72' lang='lat' dir='ltr'>casn</span> <span class='ocrx_word' id='word_1_3' title='bbox 663 491 976 596; x_wconf 79' lang='lat' dir='ltr'>onsnt10‚</span> 
     </span>
    </p>
   </div>
   <div class='ocr_carea' id='block_1_2' title="bbox 221 644 1068 772">
    <p class='ocr_par' dir='ltr' id='par_1_2' title="bbox 221 644 1068 772">
     <span class='ocr_line' id='line_1_2' title="bbox 221 644 1068 772; baseline 0.004 -20"><span class='ocrx_word' id='word_1_4' title='bbox 221 684 385 752; x_wconf 64' lang='lat' dir='ltr'>venen</span> <span class='ocrx_word' id='word_1_5' title='bbox 426 644 660 754; x_wconf 68' lang='lat' dir='ltr'>Paterculi</span> <span class='ocrx_word' id='word_1_6' title='bbox 701 693 897 772; x_wconf 72' lang='lat' dir='ltr'>sartori,</span> <span class='ocrx_word' id='word_1_7' title='bbox 932 695 973 756; x_wconf 89' lang='lat' dir='ltr'>v.</span> <span class='ocrx_word' id='word_1_8' title='bbox 1007 695 1068 755; x_wconf 75' lang='grc' dir='ltr'>ιιι.</span> 
     </span>
    </p>
   </div>
   <div class='ocr_carea' id='block_1_3' title="bbox 405 861 840 1061">
    <p class='ocr_par' dir='ltr' id='par_1_3' title="bbox 405 861 840 1061">
     <span class='ocr_line' id='line_1_3' title="bbox 563 861 727 915; baseline 0.006 -1"><span class='ocrx_word' id='word_1_9' title='bbox 563 861 727 915; x_wconf 85' lang='lat' dir='ltr'>P.S.D.</span> 
     </span>
     <span class='ocr_line' id='line_1_4' title="bbox 405 999 840 1061; baseline 0.007 -5"><span class='ocrx_word' id='word_1_10' title='bbox 405 999 580 1058; x_wconf 71' lang='lat' dir='ltr'>&#39;titt</span> <span class='ocrx_word' id='word_1_11' title='bbox 640 1006 840 1061; x_wconf 81' lang='lat' dir='ltr'>ttott.</span> 
     </span>
    </p>
   </div>
   <div class='ocr_carea' id='block_1_4' title="bbox 2 1229 1236 3197">
    <p class='ocr_par' dir='ltr' id='par_1_4' title="bbox 75 1229 1236 2513">
     <span class='ocr_line' id='line_1_5' title="bbox 162 1229 1208 1313; baseline -0.001 -21"><span class='ocrx_word' id='word_1_12' title='bbox 162 1229 294 1311; x_wconf 81' lang='lat' dir='ltr'>Literis,</span> <span class='ocrx_word' id='word_1_13' title='bbox 317 1251 393 1313; x_wconf 88' lang='lat' dir='ltr'>quas</span> <span class='ocrx_word' id='word_1_14' title='bbox 418 1231 449 1294; x_wconf 95' lang='lat' dir='ltr'>d.</span> <span class='ocrx_word' id='word_1_15' title='bbox 470 1232 556 1295; x_wconf 93' lang='lat' dir='ltr'>VIII.</span> <span class='ocrx_word' id='word_1_16' title='bbox 580 1233 662 1297; x_wconf 81' lang='lat' dir='ltr'>Nor.</span> <span class='ocrx_word' id='word_1_17' title='bbox 683 1253 712 1297; x_wconf 93' lang='lat' dir='ltr'>a.</span> <span class='ocrx_word' id='word_1_18' title='bbox 734 1237 835 1296; x_wconf 84' lang='lat' dir='ltr'>exacti</span> <span class='ocrx_word' id='word_1_19' title='bbox 857 1235 896 1295; x_wconf 87' lang='lat' dir='ltr'>ad</span> <span class='ocrx_word' id='word_1_20' title='bbox 918 1253 967 1295; x_wconf 90' lang='lat' dir='ltr'>me</span> <span class='ocrx_word' id='word_1_21' title='bbox 989 1231 1115 1309; x_wconf 84' lang='lat' dir='ltr'>dedisti,</span> <span class='ocrx_word' id='word_1_22' title='bbox 1138 1233 1208 1313; x_wconf 87' lang='lat' dir='ltr'>qui-</span> 
     </span>
     <span class='ocr_line' id='line_1_6' title="bbox 78 1314 1208 1400; baseline 0 -24"><span class='ocrx_word' id='word_1_23' title='bbox 78 1317 137 1378; x_wconf 82' lang='lat' dir='ltr'>bus</span> <span class='ocrx_word' id='word_1_24' title='bbox 160 1317 286 1400; x_wconf 91' lang='lat' dir='ltr'>quidem</span> <span class='ocrx_word' id='word_1_25' title='bbox 307 1314 345 1376; x_wconf 91' lang='lat' dir='ltr'>de</span> <span class='ocrx_word' id='word_1_26' title='bbox 367 1318 488 1379; x_wconf 89' lang='lat' dir='ltr'>ratione</span> <span class='ocrx_word' id='word_1_27' title='bbox 508 1320 702 1398; x_wconf 84' lang='lat' dir='ltr'>plagularum</span> <span class='ocrx_word' id='word_1_28' title='bbox 730 1317 981 1400; x_wconf 79' lang='lat' dir='ltr'>corrigendorum</span> <span class='ocrx_word' id='word_1_29' title='bbox 1002 1337 1123 1380; x_wconf 91' lang='lat' dir='ltr'>mecum</span> <span class='ocrx_word' id='word_1_30' title='bbox 1143 1331 1208 1377; x_wconf 91' lang='lat' dir='ltr'>tra-</span> 
     </span>
     <span class='ocr_line' id='line_1_7' title="bbox 78 1400 1206 1487; baseline -0.001 -25"><span class='ocrx_word' id='word_1_31' title='bbox 78 1403 214 1482; x_wconf 80' lang='lat' dir='ltr'>ctavisti,</span> <span class='ocrx_word' id='word_1_32' title='bbox 237 1400 271 1463; x_wconf 88' lang='lat' dir='ltr'>id</span> <span class='ocrx_word' id='word_1_33' title='bbox 288 1401 369 1463; x_wconf 87' lang='lat' dir='ltr'>mihi</span> <span class='ocrx_word' id='word_1_34' title='bbox 390 1405 581 1484; x_wconf 79' lang='lat' dir='ltr'>concessisti,</span> <span class='ocrx_word' id='word_1_35' title='bbox 602 1417 651 1484; x_wconf 80' lang='lat' dir='ltr'>ut,</span> <span class='ocrx_word' id='word_1_36' title='bbox 673 1404 700 1464; x_wconf 86' lang='lat' dir='ltr'>si</span> <span class='ocrx_word' id='word_1_37' title='bbox 720 1425 800 1487; x_wconf 90' lang='lat' dir='ltr'>quae</span> <span class='ocrx_word' id='word_1_38' title='bbox 820 1407 854 1468; x_wconf 93' lang='lat' dir='ltr'>in</span> <span class='ocrx_word' id='word_1_39' title='bbox 871 1405 993 1468; x_wconf 83' lang='lat' dir='ltr'>Velleio</span> <span class='ocrx_word' id='word_1_40' title='bbox 1013 1400 1143 1485; x_wconf 80' lang='lat' dir='ltr'>legendo</span> <span class='ocrx_word' id='word_1_41' title='bbox 1166 1401 1206 1462; x_wconf 90' lang='lat' dir='ltr'>ad</span> 
     </span>
     <span class='ocr_line' id='line_1_8' title="bbox 77 1483 1207 1568; baseline 0 -19"><span class='ocrx_word' id='word_1_42' title='bbox 77 1487 260 1568; x_wconf 84' lang='lat' dir='ltr'><strong>scriptorem</strong></span> <span class='ocrx_word' id='word_1_43' title='bbox 290 1483 528 1549; x_wconf 73' lang='lat' dir='ltr'>emendandum&#39;</span> <span class='ocrx_word' id='word_1_44' title='bbox 543 1484 627 1550; x_wconf 80' lang='lat' dir='ltr'>&#39;mihi</span> <span class='ocrx_word' id='word_1_45' title='bbox 655 1487 689 1549; x_wconf 90' lang='lat' dir='ltr'>in</span> <span class='ocrx_word' id='word_1_46' title='bbox 720 1504 855 1556; x_wconf 86' lang='lat' dir='ltr'>mentem</span> <span class='ocrx_word' id='word_1_47' title='bbox 883 1491 1043 1568; x_wconf 85' lang='lat' dir='ltr'>venerint,</span> <span class='ocrx_word' id='word_1_48' title='bbox 1077 1501 1207 1551; x_wconf 87' lang='lat' dir='ltr'>annota-</span> 
     </span>
     <span class='ocr_line' id='line_1_9' title="bbox 76 1570 1236 1654; baseline 0.003 -20"><span class='ocrx_word' id='word_1_49' title='bbox 76 1575 213 1636; x_wconf 80' lang='lat' dir='ltr'>tIonibus</span> <span class='ocrx_word' id='word_1_50' title='bbox 236 1570 362 1654; x_wconf 88' lang='lat' dir='ltr'>quidem</span> <span class='ocrx_word' id='word_1_51' title='bbox 392 1575 469 1636; x_wconf 87' lang='lat' dir='ltr'>Tuis</span> <span class='ocrx_word' id='word_1_52' title='bbox 494 1593 559 1650; x_wconf 85' lang='lat' dir='ltr'>non</span> <span class='ocrx_word' id='word_1_53' title='bbox 575 1575 823 1653; x_wconf 81' lang='lat' dir='ltr'>intersererem,</span> <span class='ocrx_word' id='word_1_54' title='bbox 855 1577 889 1639; x_wconf 89' lang='lat' dir='ltr'>in</span> <span class='ocrx_word' id='word_1_55' title='bbox 918 1579 980 1640; x_wconf 85' lang='lat' dir='ltr'>fine</span> <span class='ocrx_word' id='word_1_56' title='bbox 1004 1572 1112 1639; x_wconf 84' lang='lat' dir='ltr'>&#39;tamen</span> <span class='ocrx_word' id='word_1_57' title='bbox 1136 1596 1206 1637; x_wconf 90' lang='lat' dir='ltr'>meo</span> <span class='ocrx_word' id='word_1_58' title='bbox 1234 1637 1236 1649; x_wconf 81' lang='grc'>,</span> 
     </span>
     <span class='ocr_line' id='line_1_10' title="bbox 78 1656 1207 1744; baseline 0 -24"><span class='ocrx_word' id='word_1_59' title='bbox 78 1661 205 1722; x_wconf 91' lang='lat' dir='ltr'>nomine</span> <span class='ocrx_word' id='word_1_60' title='bbox 227 1656 380 1721; x_wconf 86' lang='lat' dir='ltr'>adderem.</span> <span class='ocrx_word' id='word_1_61' title='bbox 436 1657 507 1736; x_wconf 86' lang='lat' dir='ltr'>Qua</span> <span class='ocrx_word' id='word_1_62' title='bbox 525 1660 602 1722; x_wconf 90' lang='lat' dir='ltr'>mihi</span> <span class='ocrx_word' id='word_1_63' title='bbox 621 1659 693 1726; x_wconf 86' lang='lat' dir='ltr'>data</span> <span class='ocrx_word' id='word_1_64' title='bbox 713 1665 768 1724; x_wconf 91' lang='lat' dir='ltr'>abs</span> <span class='ocrx_word' id='word_1_65' title='bbox 789 1665 835 1726; x_wconf 91' lang='lat' dir='ltr'>Te</span> <span class='ocrx_word' id='word_1_66' title='bbox 855 1663 947 1728; x_wconf 80' lang='lat' dir='ltr'>venia</span> <span class='ocrx_word' id='word_1_67' title='bbox 967 1665 1018 1725; x_wconf 85' lang='lat' dir='ltr'>vel</span> <span class='ocrx_word' id='word_1_68' title='bbox 1040 1672 1207 1744; x_wconf 88' lang='lat' dir='ltr'>propterea</span> 
     </span>
     <span class='ocr_line' id='line_1_11' title="bbox 76 1743 1205 1832; baseline -0.001 -24"><span class='ocrx_word' id='word_1_69' title='bbox 76 1765 264 1827; x_wconf 82' lang='lat' dir='ltr'>magnopere</span> <span class='ocrx_word' id='word_1_70' title='bbox 286 1743 452 1807; x_wconf 88' lang='lat' dir='ltr'>delectatus</span> <span class='ocrx_word' id='word_1_71' title='bbox 474 1769 558 1824; x_wconf 89' lang='lat' dir='ltr'>sum,</span> <span class='ocrx_word' id='word_1_72' title='bbox 586 1746 672 1832; x_wconf 92' lang='lat' dir='ltr'>quod</span> <span class='ocrx_word' id='word_1_73' title='bbox 703 1749 839 1832; x_wconf 88' lang='lat' dir='ltr'>aliquam</span> <span class='ocrx_word' id='word_1_74' title='bbox 871 1751 917 1811; x_wconf 91' lang='lat' dir='ltr'>Te</span> <span class='ocrx_word' id='word_1_75' title='bbox 944 1769 1065 1829; x_wconf 84' lang='lat' dir='ltr'>ponere</span> <span class='ocrx_word' id='word_1_76' title='bbox 1089 1747 1124 1808; x_wconf 91' lang='lat' dir='ltr'>in</span> <span class='ocrx_word' id='word_1_77' title='bbox 1156 1767 1205 1808; x_wconf 94' lang='lat' dir='ltr'>me</span> 
     </span>
     <span class='ocr_line' id='line_1_12' title="bbox 76 1830 1207 1916; baseline -0.003 -22"><span class='ocrx_word' id='word_1_78' title='bbox 76 1831 221 1895; x_wconf 83' lang='lat' dir='ltr'>fiduciam</span> <span class='ocrx_word' id='word_1_79' title='bbox 241 1830 313 1893; x_wconf 89' lang='lat' dir='ltr'>inde</span> <span class='ocrx_word' id='word_1_80' title='bbox 332 1833 481 1893; x_wconf 87' lang='lat' dir='ltr'>intellexi.</span> <span class='ocrx_word' id='word_1_81' title='bbox 524 1832 680 1907; x_wconf 85' lang='lat' dir='ltr'>Quoniam</span> <span class='ocrx_word' id='word_1_82' title='bbox 701 1856 793 1911; x_wconf 83' lang='lat' dir='ltr'>vero,</span> <span class='ocrx_word' id='word_1_83' title='bbox 816 1857 855 1895; x_wconf 90' lang='lat' dir='ltr'>ne</span> <span class='ocrx_word' id='word_1_84' title='bbox 877 1837 916 1894; x_wconf 89' lang='lat' dir='ltr'>ab</span> <span class='ocrx_word' id='word_1_85' title='bbox 939 1855 996 1911; x_wconf 80' lang='lat' dir='ltr'>eo,</span> <span class='ocrx_word' id='word_1_86' title='bbox 1024 1833 1109 1916; x_wconf 90' lang='lat' dir='ltr'>quod</span> <span class='ocrx_word' id='word_1_87' title='bbox 1129 1834 1207 1893; x_wconf 91' lang='lat' dir='ltr'>mihi</span> 
     </span>
     <span class='ocr_line' id='line_1_13' title="bbox 76 1917 1206 2001; baseline 0 -23"><span class='ocrx_word' id='word_1_88' title='bbox 76 1918 270 2001; x_wconf 89' lang='lat' dir='ltr'>propositum</span> <span class='ocrx_word' id='word_1_89' title='bbox 292 1928 366 1994; x_wconf 83' lang='lat' dir='ltr'>erat,</span> <span class='ocrx_word' id='word_1_90' title='bbox 387 1929 421 1978; x_wconf 90' lang='lat' dir='ltr'>ut</span> <span class='ocrx_word' id='word_1_91' title='bbox 437 1918 592 1996; x_wconf 88' lang='lat' dir='ltr'>scriptura</span> <span class='ocrx_word' id='word_1_92' title='bbox 604 1920 673 1978; x_wconf 88' lang='lat' dir='ltr'>Tua</span> <span class='ocrx_word' id='word_1_93' title='bbox 692 1940 786 1999; x_wconf 91' lang='lat' dir='ltr'>quam</span> <span class='ocrx_word' id='word_1_94' title='bbox 808 1919 1032 1979; x_wconf 82' lang='lat' dir='ltr'>accuratissime</span> <span class='ocrx_word' id='word_1_95' title='bbox 1053 1917 1121 1977; x_wconf 90' lang='lat' dir='ltr'>fieri</span> <span class='ocrx_word' id='word_1_96' title='bbox 1133 1939 1206 1996; x_wconf 91' lang='lat' dir='ltr'>pos-</span> 
     </span>
     <span class='ocr_line' id='line_1_14' title="bbox 75 1997 1205 2085; baseline -0.001 -21"><span class='ocrx_word' id='word_1_97' title='bbox 75 2015 124 2064; x_wconf 86' lang='lat' dir='ltr'>set</span> <span class='ocrx_word' id='word_1_98' title='bbox 152 2000 334 2085; x_wconf 85' lang='lat' dir='ltr'>redderetur</span> <span class='ocrx_word' id='word_1_99' title='bbox 369 1997 468 2084; x_wconf 89' lang='lat' dir='ltr'>(quod</span> <span class='ocrx_word' id='word_1_100' title='bbox 498 2005 616 2064; x_wconf 87' lang='lat' dir='ltr'>utinam</span> <span class='ocrx_word' id='word_1_101' title='bbox 638 2001 715 2062; x_wconf 92' lang='lat' dir='ltr'>mihi</span> <span class='ocrx_word' id='word_1_102' title='bbox 746 2003 965 2085; x_wconf 78' lang='lat' dir='ltr'>perfectissime</span> <span class='ocrx_word' id='word_1_103' title='bbox 989 2003 1165 2081; x_wconf 83' lang='lat' dir='ltr'>contigisset</span> <span class='ocrx_word' id='word_1_104' title='bbox 1173 1999 1205 2085; x_wconf 84' lang='lat' dir='ltr'>l),</span> 
     </span>
     <span class='ocr_line' id='line_1_15' title="bbox 77 2087 1205 2169; baseline -0.002 -19"><span class='ocrx_word' id='word_1_105' title='bbox 77 2091 291 2166; x_wconf 89' lang='lat' dir='ltr'>abstraherer,</span> <span class='ocrx_word' id='word_1_106' title='bbox 311 2088 411 2150; x_wconf 89' lang='lat' dir='ltr'>omnis</span> <span class='ocrx_word' id='word_1_107' title='bbox 433 2107 528 2169; x_wconf 89' lang='lat' dir='ltr'>opera</span> <span class='ocrx_word' id='word_1_108' title='bbox 555 2089 589 2150; x_wconf 90' lang='lat' dir='ltr'>in</span> <span class='ocrx_word' id='word_1_109' title='bbox 620 2088 743 2167; x_wconf 83' lang='lat' dir='ltr'>negotio</span> <span class='ocrx_word' id='word_1_110' title='bbox 774 2101 838 2151; x_wconf 91' lang='lat' dir='ltr'>tam</span> <span class='ocrx_word' id='word_1_111' title='bbox 870 2089 991 2152; x_wconf 90' lang='lat' dir='ltr'>lubrico</span> <span class='ocrx_word' id='word_1_112' title='bbox 1027 2087 1205 2150; x_wconf 90' lang='lat' dir='ltr'>collocanda</span> 
     </span>
     <span class='ocr_line' id='line_1_16' title="bbox 77 2173 1205 2257; baseline -0.004 -19"><span class='ocrx_word' id='word_1_113' title='bbox 77 2187 158 2252; x_wconf 85' lang='lat' dir='ltr'>erat,</span> <span class='ocrx_word' id='word_1_114' title='bbox 179 2175 312 2257; x_wconf 90' lang='lat' dir='ltr'>paucula</span> <span class='ocrx_word' id='word_1_115' title='bbox 332 2185 453 2235; x_wconf 86' lang='lat' dir='ltr'>tantum</span> <span class='ocrx_word' id='word_1_116' title='bbox 474 2194 540 2236; x_wconf 86' lang='lat' dir='ltr'>sese</span> <span class='ocrx_word' id='word_1_117' title='bbox 560 2174 638 2236; x_wconf 90' lang='lat' dir='ltr'>mihi</span> <span class='ocrx_word' id='word_1_118' title='bbox 659 2175 853 2253; x_wconf 89' lang='lat' dir='ltr'>obtulerunt,</span> <span class='ocrx_word' id='word_1_119' title='bbox 881 2195 960 2257; x_wconf 92' lang='lat' dir='ltr'>quae</span> <span class='ocrx_word' id='word_1_120' title='bbox 973 2173 1046 2235; x_wconf 91' lang='lat' dir='ltr'>huic</span> <span class='ocrx_word' id='word_1_121' title='bbox 1065 2174 1205 2255; x_wconf 83' lang='lat' dir='ltr'>paginae,</span> 
     </span>
     <span class='ocr_line' id='line_1_17' title="bbox 76 2258 1204 2343; baseline -0.004 -19"><span class='ocrx_word' id='word_1_122' title='bbox 76 2282 190 2324; x_wconf 83' lang='lat' dir='ltr'>vacuae</span> <span class='ocrx_word' id='word_1_123' title='bbox 211 2261 345 2336; x_wconf 88' lang='lat' dir='ltr'>relictae,</span> <span class='ocrx_word' id='word_1_124' title='bbox 363 2258 485 2321; x_wconf 87' lang='lat' dir='ltr'>tradere</span> <span class='ocrx_word' id='word_1_125' title='bbox 505 2281 598 2322; x_wconf 88' lang='lat' dir='ltr'>ausus</span> <span class='ocrx_word' id='word_1_126' title='bbox 619 2281 705 2331; x_wconf 89' lang='lat' dir='ltr'>sum‚·</span> <span class='ocrx_word' id='word_1_127' title='bbox 727 2282 863 2343; x_wconf 90' lang='lat' dir='ltr'>quorum</span> <span class='ocrx_word' id='word_1_128' title='bbox 882 2261 909 2322; x_wconf 91' lang='lat' dir='ltr'>si</span> <span class='ocrx_word' id='word_1_129' title='bbox 929 2263 979 2324; x_wconf 85' lang='lat' dir='ltr'>vel</span> <span class='ocrx_word' id='word_1_130' title='bbox 1000 2280 1098 2321; x_wconf 89' lang='lat' dir='ltr'>unum</span> <span class='ocrx_word' id='word_1_131' title='bbox 1119 2259 1204 2320; x_wconf 91' lang='lat' dir='ltr'>haud</span> 
     </span>
     <span class='ocr_line' id='line_1_18' title="bbox 76 2343 1205 2428; baseline 0.002 -22"><span class='ocrx_word' id='word_1_132' title='bbox 76 2348 169 2428; x_wconf 90' lang='lat' dir='ltr'>plane</span> <span class='ocrx_word' id='word_1_133' title='bbox 203 2343 411 2427; x_wconf 89' lang='lat' dir='ltr'>spernendum</span> <span class='ocrx_word' id='word_1_134' title='bbox 446 2346 618 2425; x_wconf 82' lang='lat' dir='ltr'>censueris,</span> <span class='ocrx_word' id='word_1_135' title='bbox 656 2347 735 2408; x_wconf 89' lang='lat' dir='ltr'>nihil</span> <span class='ocrx_word' id='word_1_136' title='bbox 766 2349 844 2409; x_wconf 90' lang='lat' dir='ltr'>mihi</span> <span class='ocrx_word' id='word_1_137' title='bbox 883 2349 1060 2425; x_wconf 80' lang='lat' dir='ltr'>contingere</span> <span class='ocrx_word' id='word_1_138' title='bbox 1089 2347 1205 2426; x_wconf 92' lang='lat' dir='ltr'>poterit</span> 
     </span>
     <span class='ocr_line' id='line_1_19' title="bbox 76 2432 568 2513; baseline 0.002 -19"><span class='ocrx_word' id='word_1_139' title='bbox 76 2432 191 2513; x_wconf 78' lang='lat' dir='ltr'>gratim</span> <span class='ocrx_word' id='word_1_140' title='bbox 214 2432 437 2513; x_wconf 86' lang='lat' dir='ltr'>acceptiusque.</span> <span class='ocrx_word' id='word_1_141' title='bbox 480 2433 568 2495; x_wconf 85' lang='lat' dir='ltr'>Vale.</span> 
     </span>
    </p>

    <p class='ocr_par' dir='ltr' id='par_1_5' title="bbox 105 2514 1202 2600">
     <span class='ocr_line' id='line_1_20' title="bbox 105 2514 1202 2600; baseline -0.004 -20"><span class='ocrx_word' id='word_1_142' title='bbox 105 2584 108 2588; x_wconf 64' lang='grc'><strong>,</strong></span> <span class='ocrx_word' id='word_1_143' title='bbox 160 2520 197 2580; x_wconf 94' lang='lat' dir='ltr'>P.</span> <span class='ocrx_word' id='word_1_144' title='bbox 219 2524 248 2579; x_wconf 90' lang='grc'>6.</span> <span class='ocrx_word' id='word_1_145' title='bbox 270 2537 303 2579; x_wconf 83' lang='lat' dir='ltr'>v.</span> <span class='ocrx_word' id='word_1_146' title='bbox 318 2522 369 2578; x_wconf 92' lang='grc'>19.</span> <span class='ocrx_word' id='word_1_147' title='bbox 411 2514 513 2593; x_wconf 85' lang='lat' dir='ltr'>Quam</span> <span class='ocrx_word' id='word_1_148' title='bbox 525 2516 674 2600; x_wconf 88' lang='lat' dir='ltr'>proponit</span> <span class='ocrx_word' id='word_1_149' title='bbox 687 2516 926 2597; x_wconf 83' lang='lat' dir='ltr'>praepositionis</span> <span class='ocrx_word' id='word_1_150' title='bbox 945 2526 973 2581; x_wconf 84' lang='lat' dir='ltr'>in</span> <span class='ocrx_word' id='word_1_151' title='bbox 989 2515 1202 2598; x_wconf 84' lang='lat' dir='ltr'>repetitionem</span> 
     </span>
    </p>

    <p class='ocr_par' dir='ltr' id='par_1_6' title="bbox 2 2601 1203 3197">
     <span class='ocr_line' id='line_1_21' title="bbox 2 2601 1203 2681; baseline -0.002 -18"><span class='ocrx_word' id='word_1_152' title='bbox 2 2674 4 2679; x_wconf 23' lang='grc' dir='ltr'>Ι</span> <span class='ocrx_word' id='word_1_153' title='bbox 75 2603 218 2666; x_wconf 88' lang='lat' dir='ltr'>Baitcrus</span> <span class='ocrx_word' id='word_1_154' title='bbox 231 2603 328 2681; x_wconf 81' lang='lat' dir='ltr'>Tuus,</span> <span class='ocrx_word' id='word_1_155' title='bbox 337 2603 379 2665; x_wconf 88' lang='lat' dir='ltr'>V.</span> <span class='ocrx_word' id='word_1_156' title='bbox 391 2601 437 2665; x_wconf 84' lang='lat' dir='ltr'>cl.</span> <span class='ocrx_word' id='word_1_157' title='bbox 443 2648 453 2681; x_wconf 85' lang='lat'><em>‚</em></span> <span class='ocrx_word' id='word_1_158' title='bbox 477 2604 542 2667; x_wconf 91' lang='lat' dir='ltr'>eius</span> <span class='ocrx_word' id='word_1_159' title='bbox 564 2622 687 2666; x_wconf 87' lang='lat' dir='ltr'>causam</span> <span class='ocrx_word' id='word_1_160' title='bbox 707 2604 825 2663; x_wconf 88' lang='lat' dir='ltr'>nullam</span> <span class='ocrx_word' id='word_1_161' title='bbox 847 2625 912 2666; x_wconf 89' lang='lat' dir='ltr'>esse</span> <span class='ocrx_word' id='word_1_162' title='bbox 936 2602 1127 2668; x_wconf 84' lang='lat' dir='ltr'>crediderim.</span> <span class='ocrx_word' id='word_1_163' title='bbox 1166 2603 1203 2662; x_wconf 92' lang='lat' dir='ltr'>ln</span> 
     </span>
     <span class='ocr_line' id='line_1_22' title="bbox 74 2687 1203 2773; baseline -0.004 -20"><span class='ocrx_word' id='word_1_164' title='bbox 74 2691 187 2753; x_wconf 86' lang='lat' dir='ltr'>talibus</span> <span class='ocrx_word' id='word_1_165' title='bbox 209 2689 291 2751; x_wconf 90' lang='lat' dir='ltr'>enim</span> <span class='ocrx_word' id='word_1_166' title='bbox 320 2701 390 2751; x_wconf 89' lang='lat' dir='ltr'>ante</span> <span class='ocrx_word' id='word_1_167' title='bbox 418 2709 509 2771; x_wconf 85' lang='lat' dir='ltr'>pron.</span> <span class='ocrx_word' id='word_1_168' title='bbox 533 2691 619 2753; x_wconf 88' lang='lat' dir='ltr'>relat.</span> <span class='ocrx_word' id='word_1_169' title='bbox 648 2687 749 2769; x_wconf 84' lang='lat' dir='ltr'>omitti</span> <span class='ocrx_word' id='word_1_170' title='bbox 768 2689 925 2753; x_wconf 89' lang='lat' dir='ltr'>interdum</span> <span class='ocrx_word' id='word_1_171' title='bbox 947 2689 1203 2773; x_wconf 82' lang='lat' dir='ltr'>praepositiones,</span> 
     </span>
     <span class='ocr_line' id='line_1_23' title="bbox 76 2775 1202 2857; baseline -0.004 -20"><span class='ocrx_word' id='word_1_172' title='bbox 76 2777 219 2857; x_wconf 86' lang='lat' dir='ltr'>exempla</span> <span class='ocrx_word' id='word_1_173' title='bbox 240 2798 258 2837; x_wconf 93' lang='lat' dir='ltr'>a</span> <span class='ocrx_word' id='word_1_174' title='bbox 277 2776 490 2838; x_wconf 89' lang='lat' dir='ltr'>Grammaticis</span> <span class='ocrx_word' id='word_1_175' title='bbox 512 2778 605 2838; x_wconf 90' lang='lat' dir='ltr'>allata</span> <span class='ocrx_word' id='word_1_176' title='bbox 625 2775 837 2855; x_wconf 91' lang='lat' dir='ltr'>comprobant.</span> <span class='ocrx_word' id='word_1_177' title='bbox 878 2777 970 2841; x_wconf 86' lang='lat' dir='ltr'>Hunc</span> <span class='ocrx_word' id='word_1_178' title='bbox 986 2777 1079 2856; x_wconf 82' lang='lat' dir='ltr'>igitur</span> <span class='ocrx_word' id='word_1_179' title='bbox 1099 2776 1202 2836; x_wconf 91' lang='lat' dir='ltr'>locum</span> 
     </span>
     <span class='ocr_line' id='line_1_24' title="bbox 75 2858 1202 2944; baseline -0.004 -20"><span class='ocrx_word' id='word_1_180' title='bbox 75 2862 143 2926; x_wconf 84' lang='lat' dir='ltr'>istis</span> <span class='ocrx_word' id='word_1_181' title='bbox 166 2863 314 2943; x_wconf 88' lang='lat' dir='ltr'>exemplis</span> <span class='ocrx_word' id='word_1_182' title='bbox 345 2858 411 2925; x_wconf 88' lang='lat' dir='ltr'>esse</span> <span class='ocrx_word' id='word_1_183' title='bbox 443 2861 619 2925; x_wconf 89' lang='lat' dir='ltr'>addendum</span> <span class='ocrx_word' id='word_1_184' title='bbox 650 2861 740 2924; x_wconf 86' lang='lat' dir='ltr'>facile</span> <span class='ocrx_word' id='word_1_185' title='bbox 768 2876 907 2944; x_wconf 88' lang='lat' dir='ltr'>apparet.</span> <span class='ocrx_word' id='word_1_186' title='bbox 954 2863 1038 2926; x_wconf 88' lang='lat' dir='ltr'>Usus</span> <span class='ocrx_word' id='word_1_187' title='bbox 1066 2860 1202 2922; x_wconf 91' lang='lat' dir='ltr'>Graecus</span> 
     </span>
     <span class='ocr_line' id='line_1_25' title="bbox 77 2946 1202 3028; baseline -0.001 -19"><span class='ocrx_word' id='word_1_188' title='bbox 77 2961 134 3013; x_wconf 85' lang='lat' dir='ltr'>est.</span> <span class='ocrx_word' id='word_1_189' title='bbox 173 2946 248 3012; x_wconf 89' lang='lat' dir='ltr'>Vid.</span> <span class='ocrx_word' id='word_1_190' title='bbox 268 2947 382 3010; x_wconf 91' lang='lat' dir='ltr'>Heind.</span> <span class='ocrx_word' id='word_1_191' title='bbox 403 2946 442 3009; x_wconf 90' lang='lat' dir='ltr'>ad</span> <span class='ocrx_word' id='word_1_192' title='bbox 463 2949 541 3012; x_wconf 88' lang='lat' dir='ltr'>Plat.</span> <span class='ocrx_word' id='word_1_193' title='bbox 561 2947 693 3012; x_wconf 90' lang='lat' dir='ltr'>Phaedr.</span> <span class='ocrx_word' id='word_1_194' title='bbox 714 2969 746 3028; x_wconf 97' lang='lat' dir='ltr'>p.</span> <span class='ocrx_word' id='word_1_195' title='bbox 767 2953 819 3010; x_wconf 90' lang='grc'>91.</span> <span class='ocrx_word' id='word_1_196' title='bbox 840 2947 948 3013; x_wconf 90' lang='lat' dir='ltr'>Stallb.</span> <span class='ocrx_word' id='word_1_197' title='bbox 969 2947 1009 3011; x_wconf 92' lang='lat' dir='ltr'>ad</span> <span class='ocrx_word' id='word_1_198' title='bbox 1027 2950 1105 3011; x_wconf 88' lang='lat' dir='ltr'>Plat.</span> <span class='ocrx_word' id='word_1_199' title='bbox 1122 2946 1202 3008; x_wconf 88' lang='lat' dir='ltr'>Phil.</span> 
     </span>
     <span class='ocr_line' id='line_1_26' title="bbox 76 3031 1203 3116; baseline -0.003 -18"><span class='ocrx_word' id='word_1_200' title='bbox 76 3055 110 3115; x_wconf 80' lang='lat' dir='ltr'>p.</span> <span class='ocrx_word' id='word_1_201' title='bbox 122 3035 174 3098; x_wconf 80' lang='lat'>34.</span> <span class='ocrx_word' id='word_1_202' title='bbox 193 3036 260 3098; x_wconf 89' lang='lat' dir='ltr'>Ast.</span> <span class='ocrx_word' id='word_1_203' title='bbox 281 3031 321 3096; x_wconf 91' lang='lat' dir='ltr'>ad</span> <span class='ocrx_word' id='word_1_204' title='bbox 339 3035 418 3095; x_wconf 86' lang='lat' dir='ltr'>Plat.</span> <span class='ocrx_word' id='word_1_205' title='bbox 439 3032 531 3115; x_wconf 83' lang='lat' dir='ltr'>Legg.</span> <span class='ocrx_word' id='word_1_206' title='bbox 552 3059 583 3115; x_wconf 93' lang='lat' dir='ltr'>p.</span> <span class='ocrx_word' id='word_1_207' title='bbox 597 3041 668 3096; x_wconf 90' lang='grc'><strong>108.</strong></span> <span class='ocrx_word' id='word_1_208' title='bbox 695 3033 868 3098; x_wconf 88' lang='lat' dir='ltr'>Bernhard.</span> <span class='ocrx_word' id='word_1_209' title='bbox 890 3036 1020 3116; x_wconf 86' lang='lat' dir='ltr'>Syntax.</span> <span class='ocrx_word' id='word_1_210' title='bbox 1040 3056 1071 3112; x_wconf 94' lang='lat' dir='ltr'>p.</span> <span class='ocrx_word' id='word_1_211' title='bbox 1083 3039 1144 3092; x_wconf 86' lang='lat'>203</span> <span class='ocrx_word' id='word_1_212' title='bbox 1156 3054 1203 3113; x_wconf 93' lang='lat' dir='ltr'>sq.</span> 
     </span>
     <span class='ocr_line' id='line_1_27' title="bbox 158 3115 1203 3197; baseline -0.003 -15"><span class='ocrx_word' id='word_1_213' title='bbox 158 3122 195 3182; x_wconf 91' lang='lat' dir='ltr'>P.</span> <span class='ocrx_word' id='word_1_214' title='bbox 216 3127 266 3183; x_wconf 90' lang='lat'>12.</span> <span class='ocrx_word' id='word_1_215' title='bbox 292 3141 322 3183; x_wconf 88' lang='lat' dir='ltr'>v.</span> <span class='ocrx_word' id='word_1_216' title='bbox 338 3125 368 3181; x_wconf 86' lang='lat'>6.</span> <span class='ocrx_word' id='word_1_217' title='bbox 410 3117 496 3181; x_wconf 90' lang='lat' dir='ltr'>Num</span> <span class='ocrx_word' id='word_1_218' title='bbox 523 3121 604 3182; x_wconf 85' lang='lat' dir='ltr'>forte</span> <span class='ocrx_word' id='word_1_219' title='bbox 632 3115 752 3197; x_wconf 84' lang='lat' dir='ltr'>legend.</span> <span class='ocrx_word' id='word_1_220' title='bbox 778 3118 897 3197; x_wconf 77' lang='lat' dir='ltr'>selr‘cz&#39;ter</span> <span class='ocrx_word' id='word_1_221' title='bbox 923 3125 1015 3180; x_wconf 83' lang='lat' dir='ltr'>coita</span> <span class='ocrx_word' id='word_1_222' title='bbox 1044 3121 1203 3194; x_wconf 68' lang='lat' dir='ltr'>emigrare?</span> 
     </span>
    </p>
   </div>
   <div class='ocr_carea' id='block_1_5' title="bbox 76 3205 1203 3891">
    <p class='ocr_par' dir='ltr' id='par_1_7' title="bbox 77 3205 1105 3287">
     <span class='ocr_line' id='line_1_28' title="bbox 77 3205 1105 3287; baseline -0.001 -20"><span class='ocrx_word' id='word_1_223' title='bbox 77 3205 116 3268; x_wconf 82' lang='lat' dir='ltr'>cf.</span> <span class='ocrx_word' id='word_1_224' title='bbox 138 3205 238 3277; x_wconf 84' lang='lat' dir='ltr'>Cicer.</span> <span class='ocrx_word' id='word_1_225' title='bbox 258 3205 295 3267; x_wconf 88' lang='lat' dir='ltr'>de</span> <span class='ocrx_word' id='word_1_226' title='bbox 316 3205 409 3285; x_wconf 83' lang='lat' dir='ltr'>Legg.</span> <span class='ocrx_word' id='word_1_227' title='bbox 431 3212 462 3282; x_wconf 83' lang='lat'>2,</span> <span class='ocrx_word' id='word_1_228' title='bbox 486 3211 535 3283; x_wconf 87' lang='grc'>19,</span> <span class='ocrx_word' id='word_1_229' title='bbox 558 3209 609 3268; x_wconf 91' lang='grc'>48.</span> <span class='ocrx_word' id='word_1_230' title='bbox 1102 3280 1105 3287; x_wconf 27' lang='grc' dir='ltr'>Ι</span> 
     </span>
    </p>

    <p class='ocr_par' dir='ltr' id='par_1_8' title="bbox 76 3285 1203 3630">
     <span class='ocr_line' id='line_1_29' title="bbox 160 3285 1202 3371; baseline -0.006 -18"><span class='ocrx_word' id='word_1_231' title='bbox 160 3293 257 3354; x_wconf 90' lang='grc' dir='ltr'><strong>Ρ.68.</strong></span> <span class='ocrx_word' id='word_1_232' title='bbox 278 3313 309 3354; x_wconf 83' lang='lat' dir='ltr'>v.</span> <span class='ocrx_word' id='word_1_233' title='bbox 332 3296 381 3352; x_wconf 89' lang='lat'>18.</span> <span class='ocrx_word' id='word_1_234' title='bbox 402 3291 496 3352; x_wconf 87' lang='lat' dir='ltr'>Haud</span> <span class='ocrx_word' id='word_1_235' title='bbox 509 3294 589 3354; x_wconf 84' lang='lat' dir='ltr'>laud.</span> <span class='ocrx_word' id='word_1_236' title='bbox 609 3288 735 3351; x_wconf 89' lang='lat' dir='ltr'>mirifice</span> <span class='ocrx_word' id='word_1_237' title='bbox 755 3290 833 3352; x_wconf 92' lang='lat' dir='ltr'>mihi</span> <span class='ocrx_word' id='word_1_238' title='bbox 846 3291 956 3371; x_wconf 91' lang='lat' dir='ltr'>placet.</span> <span class='ocrx_word' id='word_1_239' title='bbox 1000 3285 1103 3350; x_wconf 88' lang='lat' dir='ltr'>Facile</span> <span class='ocrx_word' id='word_1_240' title='bbox 1122 3289 1202 3347; x_wconf 80' lang='lat' dir='ltr'>houd</span> 
     </span>
     <span class='ocr_line' id='line_1_30' title="bbox 76 3371 1203 3456; baseline -0.003 -19"><span class='ocrx_word' id='word_1_241' title='bbox 76 3388 147 3438; x_wconf 89' lang='lat' dir='ltr'>ante</span> <span class='ocrx_word' id='word_1_242' title='bbox 168 3380 247 3441; x_wconf 77' lang='lat' dir='ltr'>laud.</span> <span class='ocrx_word' id='word_1_243' title='bbox 269 3375 409 3439; x_wconf 90' lang='lat' dir='ltr'>excidere</span> <span class='ocrx_word' id='word_1_244' title='bbox 430 3378 549 3456; x_wconf 73' lang='lat' dir='ltr'>potuit:</span> <span class='ocrx_word' id='word_1_245' title='bbox 597 3375 683 3437; x_wconf 90' lang='lat' dir='ltr'>Num</span> <span class='ocrx_word' id='word_1_246' title='bbox 709 3395 784 3439; x_wconf 88' lang='lat' dir='ltr'>vero</span> <span class='ocrx_word' id='word_1_247' title='bbox 806 3376 875 3438; x_wconf 87' lang='lat' dir='ltr'>lieri</span> <span class='ocrx_word' id='word_1_248' title='bbox 905 3374 996 3436; x_wconf 90' lang='lat' dir='ltr'>etiam</span> <span class='ocrx_word' id='word_1_249' title='bbox 1028 3371 1145 3452; x_wconf 88' lang='lat' dir='ltr'>potuit,</span> <span class='ocrx_word' id='word_1_250' title='bbox 1168 3387 1203 3434; x_wconf 90' lang='lat' dir='ltr'>ut</span> 
     </span>
     <span class='ocr_line' id='line_1_31' title="bbox 76 3458 1202 3544; baseline -0.004 -20"><span class='ocrx_word' id='word_1_251' title='bbox 76 3463 214 3527; x_wconf 87' lang='lat' dir='ltr'>literam</span> <span class='ocrx_word' id='word_1_252' title='bbox 233 3464 318 3526; x_wconf 80' lang='lat' dir='ltr'>vocis</span> <span class='ocrx_word' id='word_1_253' title='bbox 349 3467 532 3542; x_wconf 66' lang='lat' dir='ltr'>nugatorem</span> <span class='ocrx_word' id='word_1_254' title='bbox 562 3463 741 3524; x_wconf 89' lang='lat' dir='ltr'>absorberet</span> <span class='ocrx_word' id='word_1_255' title='bbox 764 3486 784 3524; x_wconf 87' lang='lat' dir='ltr'>n</span> <span class='ocrx_word' id='word_1_256' title='bbox 806 3483 865 3544; x_wconf 92' lang='lat' dir='ltr'>pro</span> <span class='ocrx_word' id='word_1_257' title='bbox 893 3483 947 3522; x_wconf 83' lang='lat' dir='ltr'>non</span> <span class='ocrx_word' id='word_1_258' title='bbox 975 3458 1138 3541; x_wconf 86' lang='lat' dir='ltr'>scriptum,</span> <span class='ocrx_word' id='word_1_259' title='bbox 1159 3459 1202 3520; x_wconf 87' lang='lat' dir='ltr'>ita</span> 
     </span>
     <span class='ocr_line' id='line_1_32' title="bbox 76 3548 527 3630; baseline 0.002 -19"><span class='ocrx_word' id='word_1_260' title='bbox 76 3562 112 3611; x_wconf 89' lang='lat' dir='ltr'>ut</span> <span class='ocrx_word' id='word_1_261' title='bbox 131 3548 250 3630; x_wconf 83' lang='lat' dir='ltr'>legend.</span> <span class='ocrx_word' id='word_1_262' title='bbox 273 3552 327 3612; x_wconf 89' lang='lat' dir='ltr'>sit:</span> <span class='ocrx_word' id='word_1_263' title='bbox 348 3572 402 3612; x_wconf 84' lang='lat' dir='ltr'>non</span> <span class='ocrx_word' id='word_1_264' title='bbox 421 3551 527 3613; x_wconf 73' lang='lat' dir='ltr'>laud?</span> 
     </span>
    </p>

    <p class='ocr_par' dir='ltr' id='par_1_9' title="bbox 162 3631 1002 3716">
     <span class='ocr_line' id='line_1_33' title="bbox 162 3631 1002 3716; baseline -0.004 -19"><span class='ocrx_word' id='word_1_265' title='bbox 162 3637 197 3697; x_wconf 93' lang='lat' dir='ltr'>P.</span> <span class='ocrx_word' id='word_1_266' title='bbox 220 3641 272 3697; x_wconf 88' lang='lat'>76.</span> <span class='ocrx_word' id='word_1_267' title='bbox 303 3658 334 3698; x_wconf 83' lang='lat' dir='ltr'>v.</span> <span class='ocrx_word' id='word_1_268' title='bbox 358 3641 407 3699; x_wconf 93' lang='grc'>11.</span> <span class='ocrx_word' id='word_1_269' title='bbox 427 3636 478 3696; x_wconf 88' lang='lat' dir='ltr'>An</span> <span class='ocrx_word' id='word_1_270' title='bbox 498 3636 628 3700; x_wconf 88' lang='lat' dir='ltr'>fortasse</span> <span class='ocrx_word' id='word_1_271' title='bbox 650 3631 801 3696; x_wconf 89' lang='lat' dir='ltr'>scribend.</span> <span class='ocrx_word' id='word_1_272' title='bbox 819 3631 1002 3716; x_wconf 82' lang='lat' dir='ltr'>praeposuit?</span> 
     </span>
    </p>

    <p class='ocr_par' dir='ltr' id='par_1_10' title="bbox 162 3717 1031 3803">
     <span class='ocr_line' id='line_1_34' title="bbox 162 3717 1031 3803; baseline -0.003 -20"><span class='ocrx_word' id='word_1_273' title='bbox 162 3753 205 3768; x_wconf 92' lang='lat'><em>-</em></span> <span class='ocrx_word' id='word_1_274' title='bbox 227 3729 278 3783; x_wconf 89' lang='grc'>80.</span> <span class='ocrx_word' id='word_1_275' title='bbox 299 3757 343 3769; x_wconf 90' lang='grc'>-</span> <span class='ocrx_word' id='word_1_276' title='bbox 357 3728 407 3783; x_wconf 88' lang='grc'>12.</span> <span class='ocrx_word' id='word_1_277' title='bbox 430 3718 514 3795; x_wconf 88' lang='lat' dir='ltr'>Quid</span> <span class='ocrx_word' id='word_1_278' title='bbox 534 3722 560 3783; x_wconf 93' lang='lat' dir='ltr'>si</span> <span class='ocrx_word' id='word_1_279' title='bbox 580 3742 639 3803; x_wconf 94' lang='lat' dir='ltr'>pro</span> <span class='ocrx_word' id='word_1_280' title='bbox 661 3721 692 3780; x_wconf 82' lang='lat' dir='ltr'>id</span> <span class='ocrx_word' id='word_1_281' title='bbox 712 3722 743 3781; x_wconf 73' lang='lat' dir='ltr'>it</span> <span class='ocrx_word' id='word_1_282' title='bbox 764 3718 920 3802; x_wconf 84' lang='lat' dir='ltr'>scripseris</span> <span class='ocrx_word' id='word_1_283' title='bbox 942 3717 1031 3780; x_wconf 83' lang='lat' dir='ltr'>illud?</span> 
     </span>
    </p>

    <p class='ocr_par' dir='ltr' id='par_1_11' title="bbox 163 3801 1199 3891">
     <span class='ocr_line' id='line_1_35' title="bbox 163 3801 1199 3891; baseline -0.008 -20"><span class='ocrx_word' id='word_1_284' title='bbox 163 3844 205 3858; x_wconf 91' lang='grc'>--</span> <span class='ocrx_word' id='word_1_285' title='bbox 217 3811 288 3871; x_wconf 82' lang='grc'><strong>135.</strong></span> <span class='ocrx_word' id='word_1_286' title='bbox 300 3841 342 3856; x_wconf 92' lang='lat'>-</span> <span class='ocrx_word' id='word_1_287' title='bbox 355 3811 406 3871; x_wconf 82' lang='lat'>15.</span> <span class='ocrx_word' id='word_1_288' title='bbox 426 3807 464 3867; x_wconf 94' lang='lat' dir='ltr'>In</span> <span class='ocrx_word' id='word_1_289' title='bbox 486 3818 619 3869; x_wconf 91' lang='lat' dir='ltr'>mentem</span> <span class='ocrx_word' id='word_1_290' title='bbox 639 3806 717 3868; x_wconf 91' lang='lat' dir='ltr'>mihi</span> <span class='ocrx_word' id='word_1_291' title='bbox 737 3806 838 3872; x_wconf 84' lang='lat' dir='ltr'>venit:</span> <span class='ocrx_word' id='word_1_292' title='bbox 861 3802 985 3891; x_wconf 77' lang='lat' dir='ltr'>poison.</span> <span class='ocrx_word' id='word_1_293' title='bbox 995 3803 1063 3866; x_wconf 83' lang='lat' dir='ltr'>mut&#39;.</span> <span class='ocrx_word' id='word_1_294' title='bbox 1075 3801 1199 3863; x_wconf 75' lang='lat' dir='ltr'>codrus.</span> 
     </span>
    </p>
   </div>
   <div class='ocr_carea' id='block_1_6' title="bbox 803 3988 836 3995">
    <p class='ocr_par' dir='ltr' id='par_1_12' title="bbox 803 3988 836 3995">
     <span class='ocr_line' id='line_1_36' title="bbox 803 3988 836 3995; baseline 0.03 -1"><span class='ocrx_word' id='word_1_295' title='bbox 803 3988 836 3995; x_wconf 81' lang='lat'>—.</span> 
     </span>
    </p>
   </div>
   <div class='ocr_carea' id='block_1_7' title="bbox 0 0 1272 4590">
    <p class='ocr_par' dir='ltr' id='par_1_13' title="bbox 0 0 1272 4590">
     <span class='ocr_line' id='line_1_37' title="bbox 0 0 1272 4590; baseline 0 1"><span class='ocrx_word' id='word_1_296' title='bbox 0 0 1272 4590; x_wconf 95' lang='lat' dir='ltr'> </span> 
     </span>
    </p>
   </div>
  </div>
 </body>
</html>
