2536 4590
491 197 775 277 ...158-

109 381 259 474 occupata
279 385 467 496 crediderint
489 386 678 471 patrimonia
700 384 966 474 hereditatemque
989 386 1082 452 occisi
1100 409 1156 452 ex-

75 494 241 573 seramus,
258 495 293 555 in
316 505 468 577 quantum
491 491 642 569 voluerit,
664 492 703 553 ab
727 510 764 553 eo
788 490 913 554 aditam.
962 490 1043 553 Luci
1063 491 1156 554 etiam.

108 595 245 661 Caedicii
264 596 413 677 praefecti
437 605 609 656 castrorum
632 613 803 676 eorumque
826 594 882 676 qui
897 612 961 654 una
976 592 1156 656 circumdati

109 696 263 759 aLisone
284 695 442 759 immensis
464 695 692 757 Germanorum
714 696 811 775 copiis
835 693 1069 774 obsidebantur,
1088 696 1156 756 lau-

109 795 213 859 danda
241 793 348 861 virtus
371 810 432 875 est,
467 797 523 880 qui
550 796 695 858 omnibus
727 795 958 859 difficultatibus
993 797 1152 878 superatis,

110 919 187 981 quas
208 898 316 978 inopia
339 917 448 960 rerum
467 897 689 975 intolerabilis,
710 898 758 960 sis
780 899 917 959 hostium
944 897 1080 959 faciebat
1106 899 1156 958 in-

110 1001 349 1081 exsuperabilis,
369 1020 426 1060 nec
447 997 612 1060 temerario
634 997 763 1061 consilio
787 1020 844 1060 nec
857 998 942 1078 segni
960 997 1156 1079 providentia

108 1101 167 1163 uiti
188 1101 400 1185 speculatique
417 1101 684 1182 opportunitatem
704 1102 791 1162 ferro
815 1099 875 1162 sibi
898 1097 939 1159 ad
960 1119 1033 1161 suos
1062 1119 1154 1181 pepe·

75 1204 177 1264 brere
198 1200 344 1265 reditum.
385 1201 436 1262 Ex
459 1221 522 1284 quo
551 1212 681 1282 apparet
703 1202 841 1277 Varum,
873 1220 948 1263 sane
974 1222 1099 1280 manem
1125 1211 1155 1262 et

109 1307 211 1367 bonae
229 1303 397 1368 voluntatis
419 1304 539 1379 virum,
562 1302 658 1381 magis
687 1299 884 1381 imperatoris
905 1300 1062 1364 deiectum
1084 1323 1154 1364 con·

110 1407 181 1468 silio
202 1426 296 1488 quam
315 1405 431 1467 virtuts
461 1402 641 1465 destitutum
670 1402 805 1463 militum
832 1423 865 1464 se
893 1402 1156 1482 magnificentissi-

76 1515 259 1589 bmumque
280 1501 452 1584 perdidisse
474 1504 656 1565 exercitum.
699 1502 779 1564 Cum
799 1503 834 1564 in
855 1506 994 1585 captivos
1025 1505 1156 1568 saevire·

109 1618 164 1667 tur
190 1628 209 1666 a
238 1605 417 1682 Germanis,
451 1605 603 1686 praeclari
634 1604 781 1666 facinoris
814 1617 923 1667 auctor
952 1605 1014 1666 fuit
1044 1605 1156 1669 Caldus

111 1701 234 1770 Caelius
258 1705 297 1771 ad
317 1717 502 1771 vetustatem
523 1706 658 1768 familiae
680 1726 754 1767 suae
777 1703 982 1786 dignissimus,
1004 1710 1062 1792 qui
1075 1729 1156 1773 com·

109 1811 222 1893 plexus
236 1821 438 1887 catenarum,
467 1808 581 1892 quibus
603 1809 723 1874 vinctus
757 1818 838 1884 erat,
862 1809 993 1888 seriem,
1023 1813 1069 1873 ita
1090 1811 1156 1872 illas

108 1913 206 1976 inlisit
226 1911 318 1993 capiti
340 1931 416 1988 suo,
437 1923 474 1971 ut
493 1912 637 1992 protinus
657 1909 774 1994 pariter
795 1910 951 1989 sanguinis
976 1910 1156 1994 cerebrique

108 2016 144 2074 in
167 2012 264 2075 fluvio
290 2013 458 2094 expiraret.
683 2007 685 2012 ’

75 2119 90 2170 l
195 2111 310 2176 CXXI.
350 2111 467 2176 Eadem
488 2111 586 2175 virtus
607 2123 638 2174 et
658 2115 786 2174 fortuna
801 2100 1003 2202 subsequenti
1017 2125 1156 2195 tempore

107 2217 246 2296 ingressa
267 2216 402 2277 animam
422 2213 619 2295 imperatoris
642 2213 761 2276 Tiberii
782 2214 841 2274 fuit
851 2259 861 2291 ‚
884 2236 964 2297 quae
983 2215 1075 2277 initio
1089 2218 1156 2277 fue·

107 2328 166 2379 rat.
197 2315 252 2396 qui
286 2317 425 2377 conussis
461 2317 599 2378 hostium
631 2317 750 2380 viribus
787 2317 919 2379 classicis
953 2315 1156 2402 peditumque

109 2413 377 2495 expeditionibus.
400 2435 470 2476 cum
488 2437 539 2477 res
562 2412 734 2478 Gsiiiarum
755 2418 909 2478 maximae
929 2419 1020 2480 molis
1049 2440 1156 2481 accen·

109 2534 205 2600 saque
235 2517 335 2601 plebis
367 2516 594 2579 Viennensium
626 2515 832 2581 dissensiones
872 2520 1030 2582 coertione
1061 2523 1156 2600 magis

179 2686 205 2736 1.
225 2682 306 2735 excisi
341 2687 368 2736 3.
386 2682 537 2737 circumdati
555 2683 661 2737 Alisone
696 2689 722 2736 7.
740 2683 900 2752 providentis
914 2683 954 2736 usi
992 2687 1033 2737 14.
1052 2685 1156 2737 Caelius

107 2784 178 2809 .....
196 2769 227 2806 ac
245 2753 375 2806 vetustate
416 2757 459 2806 lo.
486 2754 637 2822 cerebrique
661 2753 765 2806 effluvio
809 2759 853 2806 18.
876 2760 904 2806 et
930 2755 1010 2806 virtus
1054 2759 1096 2808 19.
1116 2757 1156 2807 in-

107 2824 384 2949 qpqqscimginepmauiam
407 2824 569 2894 imperatoris
611 2829 654 2879 20.
674 2825 788 2879 contusis
834 2827 879 2876 21.
896 2840 1070 2893 accensasque
1111 2828 1155 2879 28.

142 3040 168 3089 1.
188 3035 277 3104 occist]
296 3039 328 3092 A.
352 3036 436 3089 excisi
451 3038 526 3092 PbR.
550 3037 553 3042 ⁴
687 3042 730 3092 19.
748 3037 870 3108 ingressa
888 3037 1018 3106 animam]
1036 3040 1091 3094 AB.
1114 3040 1156 3093 in·

142 3109 168 3159 4.
186 3123 205 3157 a
222 3107 329 3176 Lisone]
345 3109 399 3162 AP.
417 3108 529 3161 Alisone
541 3107 615 3162 Rhe-
649 3109 735 3179 gressi
771 3109 938 3160 Germaniam
965 3110 1000 3162 0.
1035 3110 1156 3181 ingressa

106 3191 194 3228 nanus.
213 3178 265 3232 bu.
610 3221 614 3227 .
650 3179 767 3229 animum
781 3180 860 3231 PbR·
878 3179 907 3229 in
925 3180 1068 3230 Germania
1078 3181 1156 3235 nott.

142 3250 168 3297 ⁶1.
185 3245 365 3312 providentia]
383 3246 481 3300 BPbR.
497 3246 614 3314 pruden-
649 3249 749 3312 „Paulo
767 3248 854 3301 durius
872 3249 966 3301 dicitur
977 3250 1099 3318 fortuna
1116 3252 1156 3303 in-

107 3312 148 3363 tia
167 3315 197 3366 A.
669 3334 743 3369 ressa
760 3319 902 3371 animum.''
936 3319 1078 3375 RUHNK.
1101 3322 1156 3375 Imo

141 3389 169 3434 8.
186 3381 248 3448 uite]
267 3383 299 3434 B.
325 3381 389 3446 (niti
406 3383 449 3448 A.)
476 3386 520 3436 usi
539 3385 614 3439 Putt.
649 3336 700 3438 doc
712 3393 752 3438 est
765 3404 869 3454 prorsus
882 3390 1011 3456 ineptums
1030 3392 1079 3444 sed
1092 3392 1156 3446 cod.

106 3452 159 3504 nisi
177 3452 316 3520 Biponiini.
651 3456 729 3508 lectio
747 3457 863 3507 animam
882 3460 982 3513 incitem
1002 3458 1064 3513 miili
1083 3477 1156 3516 mott-

142 3528 183 3577 14.
198 3521 614 3592 Caeliusadvctustatem]APR.
650 3527 740 3578 stravit
758 3528 909 3584 emendandi
933 3531 1008 3583 viam.
1051 3532 1156 3598 syllaba

107 3596 212 3646 casum
231 3596 363 3648 nobilitate
381 3611 414 3644 ac
432 3597 616 3649 assumant).
649 3613 699 3666 ger
724 3596 845 3664 absorpta
878 3606 919 3652 est
945 3616 961 3653 a
988 3601 1082 3654 litteris
1110 3620 1156 3676 gre

105 3680 163 3717 nans
179 3681 234 3718 roc.
246 3666 350 3731 aliquod
367 3665 493 3718 excidisse
507 3667 616 3720 videtur.
651 3666 830 3734 praecedentis
847 3671 928 3723 verbi.

106 3735 213 3787 Caelius
233 3743 371 3787 vetustate
387 3737 413 3788 b.
433 3735 616 3788 Caeliusado·
685 3741 729 3789 20.
748 3739 890 3805 concussis]
918 3743 949 3792 A.
969 3754 985 3791 a
1002 3754 1055 3792 sec.
1073 3756 1156 3796 mauu

104 3802 205 3857 lescens
223 3813 359 3857 vetustate
377 3803 480 3857 Ruunt.
649 3807 726 3860 PbR.
749 3807 867 3859 contusis
897 3807 1000 3863 Ruhuk.
1027 3808 1156 3873 (cenassit

142 3880 183 3928 lt.
202 3874 334 3943 inflacio]
350 3878 380 3927 A.
398 3873 557 3943 (inflavioP.
567 3876 611 3941 R.)
648 3881 679 3931 A.
700 3891 772 3944 apr.
790 3881 885 3944 mauu.)
943 3917 947 3926 .

104 3943 212 4011 effluvio
230 3945 343 4013 Lipsius.
362 3943 505 4014 (profluvio
522 3947 557 4011 b.)
681 3950 726 3997 21.
744 3951 917 4018 accensaque]
936 3951 991 4003 AB.
1016 3967 1156 4007 accensas·

142 4018 184 4065 18.
203 4015 302 4081 virtus]
323 4019 353 4067 A.
381 4023 409 4063 et
427 4013 516 4066 virtus
534 4015 611 4068 Pbu.
646 4033 697 4088 quc
715 4016 791 4069 Pbtt.
809 4034 986 4089 accensaeque
1004 4024 1124 4078 Vossius.

104 4084 173 4136 Puto
191 4100 238 4150 per
256 4099 371 4137 errorem
389 4086 422 4138 ab
440 4084 610 4138 Amerbsobio
679 4089 725 4140 ²2.
742 4084 838 4155 piebis]
856 4089 953 4142 nutu.
971 4090 1046 4158 plebs
1064 4094 1097 4148 A.

104 4162 131 4205 st
149 4154 271 4207 omissum
289 4170 354 4208 esse.
679 4159 725 4209 22.
739 4156 1156 4225 coistions1AP.coercitionem.
