2564 4590
524 116 706 197 -ldd
761 166 810 180 -

146 306 200 373 Set
222 320 373 392 quantum
397 308 536 372 audeatis
558 328 681 373 vereor.
722 308 771 372 Ne
799 295 878 374 alius
905 312 1003 376 alium
1023 302 1204 397 principem!

145 400 344 492 expectantes
365 425 437 475 ante
456 411 631 492 capiamini.
671 409 746 473 Non
770 413 883 493 opibus
903 415 970 478 eins
998 436 1087 499 quae.
1104 414 1215 478 lutti-

144 514 189 574 les
211 525 241 575 et
263 499 429 596 corruptae
452 526 525 578 suut
554 511 609 575 sed
637 525 740 576 vestra
769 515 912 578 socordia
944 538 1040 600 quam
1070 508 1226 598 raptum

142 613 255 676 irilicet
279 626 310 677 et
330 636 426 698 quam
449 613 564 677 audeas
583 628 651 676 tam
670 613 773 677 videri
797 618 939 681 felicem·
969 619 1053 681 Nam
1074 630 1234 701 praete-¹

143 717 289 778 satellites
310 718 549 779 commaculatos
571 716 641 799 quis
662 715 839 781 eademvult
851 732 905 781 aut
924 721 995 802 quis
1009 741 1074 784 non
1089 720 1253 785 ommni

144 831 262 881 mutata
293 832 420 899 praeter
446 818 617 882 victoriam.
668 819 792 882 Scilicet
820 822 1097 904 militas,·quorum
1121 814 1249 886 san-

142 919 236 998 guina
257 919 391 980 Tarulae
412 918 580 1002 Scirroqua
603 921 756 1000 pessumis
776 940 941 985 servorum
970 923 1097 988 divitiae
1119 945 1254 1006 pat-

142 1034 191 1082 tae
212 1034 295 1083 sunt.
318 1021 447 1104 anquib.
471 1018 639 1103 praelatus
655 1022 899 1114 inmagistrattib.¹
919 1025 1080 1107 capiendis
1107 1023 1256 1088 tuffi-

141 1120 211 1185 dius
248 1118 470 1206 ancill'aturpis.
505 1124 665 1185 honorum
696 1125 836 1186 omnium
875 1108 1258 1190 deholestament'ium.

142 1225 221 1309 Itaq.
242 1226 410 1289 maximam
436 1222 515 1288 mihi
540 1224 685 1287 fiduciam
717 1227 800 1306 parit
828 1228 929 1293 victor
956 1229 1279 1293 exercituales-iu

140 1348 201 1406 per
218 1340 266 1389 tot
284 1329 426 1391 volnera.
448 1341 479 1388 et
499 1329 622 1390 labores
646 1328 725 1389 riihil
745 1343 872 1409 praeter
890 1344 1076 1412 tyrannum.
1094 1350 1161 1415 quaa
1197 1360 1257 1392 =·

142 1426 236 1486 situm
268 1439 325 1489 est.
386 1427 457 1488 Nisi
490 1429 572 1489 forte
605 1430 800 1491 tribunitiam
832 1433 1020 1510 potestatem
1053 1436 1254 1495 evertam

141 1511 275 1606 profecti
308 1541 382 1590 sunt
413 1549 558 1610 perarma
590 1530 789 1593 conditama
817 1533 971 1606 maiorib..
994 1533 1066 1595 suis·
1089 1535 1251 1613 itaq-e

141 1628 210 1690 iura
232 1640 264 1691 et
284 1629 400 1694 iudicia
420 1631 545 1694 sibimet
570 1645 797 1714 extorquerent
817 1634 939 1712 egregia
967 1624 1246 1696 millesima—-

142 1730 215 1792 cede
238 1753 309 1794 cum
331 1735 458 1814 relegati
477 1735 511 1794 in
531 1732 662 1815 paludes
683 1747 713 1796 et
735 1735 827 1799 silvas
849 1738 1073 1799 contumeliam
1096 1745 1170 1814 atqu.
1225 1752 1259 1791 crs

101 1833 295 1896 lainvidiam
315 1855 403 1898 suam
418 1839 557 1917 praemia
576 1858 672 1917 penes
691 1858 808 1917 paucos
825 1837 1050 1916 intellegerent.
1090 1834 1234 1911 Qua-:a

140 1935 234 2012 igitur
254 1948 343 1998 tanto
365 1940 497 2016 agmine.
522 1951 615 2020 atque
647 1921 758 2000 animis
788 1939 903 2002 incedit
932 1941 1008 2022 quia
1043 1933 1228 2003 secundas

139 2055 190 2099 res
208 2036 382 2099 miraesunt
403 2040 485 2102 vitiis
507 2043 672 2120 optenttui.
694 2044 809 2123 quibus
830 2041 992 2103 labefactis
1014 2052 1108 2125 quam
1124 2039 1223 2099 [⁰1-

140 2139 275 2202 midatus
297 2152 354 2202 est.
374 2153 438 2203 tam
463 2154 678 2205 contemnetur
697 2142 768 2204 Nisi
788 2145 868 2223 forte
891 2145 993 2224 specie
1008 2136 1218 2208 concordiae
1256 2230 1260 2237 ι

210 2281 236 2329 2.
255 2278 342 2331 futiles
377 2283 403 2331 4.
422 2281 461 2332 ire
478 2281 540 2333 licet
558 2283 599 2344 ei,
617 2299 695 2348 quem
712 2281 809 2351 pudeat
833 2298 880 2335 vos
904 2289 958 2335 tam
982 2282 1066 2336 videri
1091 2276 1216 2334 leli02¹¹¹

140 2353 167 2400 5.
185 2347 276 2400 eadem
295 2348 351 2399 volt
384 2353 409 2401 7.
427 2351 574 2417 Sc'yrtoque
610 2358 637 2406 8.
652 2369 688 2404 an
704 2354 798 2419 quibus
815 2354 946 2419 praelatus
961 2355 988 2405 iu
999 2342 1218 2421 magistratib-¹¹⁸

140 2422 166 2472 9.
186 2419 279 2491 ancilla
295 2418 378 2485 turpis
421 2422 463 2471 ta.
482 2435 617 2487 perarma
661 2427 705 2476 13.
731 2424 821 2489 utique
844 2425 901 2478 iura
947 2428 991 2476 to.
1019 2400 1219 2491 intellegat‘nt

142 2493 185 2544 ta.
204 2484 269 2543 mire
286 2498 347 2543 auat
364 2488 433 2558 titiis
451 2493 568 2558 optentui

82 2628 85 2646 ¹
176 2595 300 2670 conatos.
336 2619 362 2675 1.
382 2624 514 2687 quantum
532 2614 724 2668 voe‘ondeatic
758 2623 785 2672 tt.
803 2627 913 2688 captum
930 2617 970 2670 ire
987 2618 1092 2671 lie-etet
1111 2602 1226 2688 quqffl

211 2686 314 2748 audent
327 2685 480 2738 rametam·
492 2686 603 2757 felicem
638 2692 664 2738 t.
686 2687 818 2738 Tarrulue
835 2692 985 2758 Scyrroque
1020 2695 1047 2742 8,
1062 2670 1233 2770 Ιῆιείἆψὶ

210 2760 264 2822 (ta.
283 2757 371 2810 Habet
388 2756 503 2828 utique.)
540 2762 583 2810 16.
596 2754 782 2828 intellegerent
817 2759 1041 2829 18.fornriclntns
1059 2768 1150 2811 antea
1170 2742 1223 2787 ⁶³

177 2889 203 2937 4.
220 2882 318 2934 irilicet
335 2891 364 2933 et
382 2898 462 2950 qnam
475 2878 577 2932 audeas
591 2887 650 2928 tum
678 2881 804 2948 felicem,
829 2882 878 2932 hoc
896 2899 1000 2950 quoque
1028 2883 1096 2937 tend
1119 2861 1249 2965 ,55⁶¹ss

140 2954 227 3008 videri
241 2953 359 3023 felicem]
379 2953 455 3005 Nova
473 2965 538 3004 cmx
559 2963 651 3001 acees-
683 2948 792 3000 neudum
799 2950 908 3019 praebet
918 2939 1252 3032 aerumnamque&

141 3027 176 3078 slt
192 3032 315 3092 corrupto
326 3023 386 3075 huic
401 3023 459 3075 loco
473 3037 564 3086 exeo,
579 3019 649 3085 quod
683 3020 766 3086 ipsum
785 3020 880 3086 pudeat
905 3020 1065 3085 cognominis
1084 3022 1124 3071 sui
1152 2994 1214 3061 f

142 3103 200 3144 tum
227 3097 301 3147 uobis
329 3093 468 3161 praebetur
503 3107 550 3159 pro
579 3091 649 3154 vulg.
684 3090 754 3154 licis,
775 3105 846 3140 mera
871 3105 929 3141 cum
954 3081 1264 3177 summissi-'³315'-l

143 3171 200 3212 tana
224 3166 278 3215 sive
302 3171 343 3215 est
372 3163 468 3214 librarii
499 3174 572 3214 error
595 3161 650 3211 sive
684 3174 735 3210 uon
750 3175 807 3224 res,
832 3161 888 3228 ipse
914 3174 972 3212 cum
998 3160 1119 3213 conscius
1169 3149 1208 3195 ⁶
1230 3197 1267 3234 a,

142 3234 220 3285 etlam
240 3234 349 3297 Hamil,
374 3248 434 3284 cum
456 3233 482 3283 iu
501 3229 583 3282 codd.
602 3245 651 3280 ve·
684 3230 732 3292 sit,
750 3245 827 3294 quam
846 3245 943 3299 paucos
967 3228 1063 3281 lrabeat
1079 3231 1121 3282 sui
1136 3209 1223 3307 ξι
1247 3262 1272 3302 0,

141 3303 292 3356 tristioribus
319 3318 337 3350 a
365 3307 391 3352 et
416 3318 434 3350 n
464 3315 650 3367 saepenumero
684 3299 771 3351 diosus
789 3307 893 3367 praeter
915 3301 1052 3352 nonnullos
1077 3278 1241 3352 tomsl‘

141 3374 265 3441 distingui
291 3374 335 3425 vix
361 3373 467 3439 possint
511 3369 587 3422 Nunc
614 3370 650 3419 ita
685 3369 901 3425 consceleratos.''
1247 3400 1279 3440 ῃ

141 3448 244 3499 malim:
262 3444 300 3497 ire
318 3443 381 3494 licet
398 3441 438 3497 ei,
455 3459 531 3512 quem
547 3439 650 3508 pudeat
721 3443 764 3493 la.
782 3440 887 3511 itaque]
915 3439 991 3492 Nova
1011 3439 1102 3505 lectio,
1128 3419 1263 3535 εμὲ·

140 3536 187 3568 vos
212 3526 269 3567 tam
288 3514 373 3567 videri
393 3512 520 3584 selicem3
536 3516 651 3576 ¹‚,socor-
685 3517 757 3563 recte
781 3511 807 3562 in
825 3512 895 3578 vulg.
913 3516 1031 3564 correcta
1058 3517 1114 3577 est,
1138 3511 1185 3565 θ

140 3588 210 3641 diam
227 3595 338 3640 vestram
351 3591 452 3652 raptum
468 3586 506 3636 ire
519 3583 651 3636 licetSul-
684 3580 831 3651 lautique.
1020 3622 1024 3630 .
1222 3595 1281 3663 §f

140 3659 196 3722 lae,
214 3658 357 3720 huminem,
383 3671 459 3721 quem
486 3661 571 3707 tamen
589 3669 650 3704 vos-
722 3656 765 3705 16.
792 3649 988 3720 intellegerent]
1027 3652 1074 3703 Sic
1101 3638 1211 3711 Hes
1241 3667 1279 3718 Α,

140 3736 194 3784 met
212 3731 282 3798 ipsos
300 3727 396 3797 pudeat
413 3733 466 3778 tam
491 3726 572 3776 videri
590 3724 650 3775 feli·
683 3716 848 3789 ἀπόγραφον,
866 3727 895 3773 ut
905 3720 1001 3774 habeut
1013 3723 1096 3774 ceteri
1112 3688 1226 3775 (ἰοί,
1260 3740 1276 3791 1,

141 3816 213 3866 cem,
240 3815 297 3852 cum
317 3814 346 3850 re
364 3812 425 3849 vera
451 3797 485 3847 sit
503 3795 649 3847 intelicissi·
683 3794 748 3846 noti.
767 3793 865 3844 Contra
884 3791 1025 3844 Gerlachio
1040 3798 1108 3846 teste
1124 3761 1267 3883 (ἴς.

141 3886 199 3922 tuus
227 3877 363 3938 propterea
390 3866 459 3933 quod
486 3881 562 3918 nemo
590 3878 649 3917 cnm
683 3867 709 3915 ³.
732 3880 757 3930 p.
766 3865 838 3928 308.)
859 3863 940 3915 Vatlc.
960 3879 999 3930 pr.
1018 3861 1098 3916 habet
1113 3861 1266 3963 intfl,

142 3957 175 3992 eo
193 3943 272 3993 scutit
289 3945 393 4009 praeter
411 3950 509 4005 paucos
523 3935 649 3994 satellites
684 3931 811 4003 legerint,
828 3933 973 3998 antiquiore
991 3932 1075 3985 forme
1090 3947 1140 4002 pro
1154 3933 1189 3977 1!
1216 3970 1258 4013 A

141 4013 342 4065 commaculatos
360 4006 428 4063 cet.’'
474 4005 592 4063 Quodsi
610 4005 650 4056 le·
685 4003 850 4067 tollerentur,
877 4003 948 4070 quod
984 4010 1089 4072 tempus
1119 3992 1205 4056 aul‘r'

142 4095 204 4146 gas:
221 4080 262 4148 ei,
278 4097 354 4153 queen
369 4077 473 4149 pudeat
491 4080 548 4127 torn
567 4073 651 4127 sideri
686 4071 736 4128 huc
757 4073 873 4160 quadrat.
