2536 4590
147 172 162 238 ⁴
496 198 777 277 ..sss-

60 456 71 467 ,
149 405 296 459 concurrere
321 390 466 460 bomines
493 388 635 457 omnium
664 387 812 454 ordinum
844 397 1078 479 corruptissimi.
1104 399 1162 463 lla·

148 504 241 566 parta
257 498 364 580 inopia
383 509 415 560 et
435 494 634 578 cupidinibus
663 495 814 556 scelerum
841 499 1030 562 conscientia
1056 503 1163 581 exagi-

148 590 194 655 ttti.
207 600 309 680 quibus
331 600 421 684 quies
440 598 476 659 in
496 595 674 660 seditionib.
698 595 734 658 in
761 619 837 678 pace
868 605 1056 665 turbaesunt
1077 603 1163 666 hitu-

54 733 73 773 2
147 695 246 763 nultum
272 724 313 764 ex
343 701 482 763 tumultu
509 700 628 761 bellum
656 717 697 759 ex
720 700 804 762 bello
833 715 951 767 serunt.
1000 702 1164 766 Saturnini

54 834 67 873 ¹.
146 793 198 860 olim
212 817 277 885 post
295 803 428 885 Sulpicii
449 801 522 865 dein
543 800 628 864 Mari
647 801 892 886 Damasippique
927 804 1021 867 Nunc
1047 806 1182 888 Lepidis

54 913 77 974 ta
123 895 264 968 turtius.
293 919 456 987 practerea
479 904 604 965 Etruria
628 916 691 985 atq.
711 924 819 966 omnes
840 905 992 989 reliquiae
1012 906 1088 968 belli
1111 930 1163 972 ar·

54 1038 59 1073 ς
143 1009 218 1064 troas
235 1006 403 1088 Hispaniae
425 1006 519 1070 arnus
532 1005 679 1066 sollicitae
690 1005 911 1070 Mithridates
900 1029 935 1068 tn
953 1010 1049 1071 latere
1065 1013 1162 1074 vecti·
1213 1019 1217 1028 '

54 1120 76 1182 p
140 1101 227 1176 adua
256 1122 437 1173 nostrorum
472 1108 560 1193 quib.
589 1106 691 1168 adhuc
720 1119 938 1174 sustentamur.
970 1109 1053 1173 diem
1076 1114 1161 1176 bello

54 1221 75 1283 ’ξ
139 1200 315 1294 uumpicit
336 1215 414 1295 quin
434 1224 561 1294 praeter
578 1207 730 1273 idoneum
750 1206 862 1271 ducem
888 1209 976 1272 Nihil
1005 1215 1092 1274 abest
1112 1211 1161 1292 ad

54 1339 73 1382 2,
114 1304 128 1362 7
134 1309 352 1376 subvertendum
371 1314 549 1395 imperium.
570 1311 658 1398 quod
683 1332 739 1390 ego
760 1332 817 1374 vos
843 1330 900 1374 oro
922 1324 1015 1394 atque
1029 1315 1197 1383 obsecrow

54 1441 68 1482 s
131 1406 159 1471 P·
176 1412 205 1477 0.
224 1429 259 1477 ut
288 1412 541 1480 animadvertatis
568 1417 618 1480 Ne
648 1412 811 1499 patiamini
831 1412 988 1482 licentiam
1010 1417 1162 1478 scelerum

54 1546 59 1578 ι
128 1516 201 1596 quai
221 1518 342 1580 rabiem
363 1515 404 1579 ad
433 1517 571 1599 integros
601 1532 744 1583 contactu
775 1516 956 1602 procedere.
998 1517 1081 1581 Nam
1105 1518 1161 1581 ubi

121 1617 209 1678 malos
224 1620 532 1700 praemia‘secuntur
551 1622 630 1683 haut
650 1624 739 1684 facilc
761 1624 929 1704 quisquam
950 1621 1084 1697 gratuito
1101 1625 1160 1686 bo·

54 1742 56 1755 ¹
118 1738 172 1781 nus
193 1732 237 1783 est
258 1743 301 1782 an
325 1724 495 1803 expectatis
520 1723 595 1785 dum
616 1725 756 1785 exercitu
775 1746 886 1786 rursus
916 1720 1042 1785 admoto
1073 1724 1159 1786 ferro

113 1832 201 1904 atquc
220 1821 347 1885 flamma
374 1825 485 1895 urbem
504 1823 633 1889 invadat
654 1823 740 1909 quod
768 1828 867 1888 multo
894 1826 1026 1906 propius
1049 1837 1095 1886 est
1116 1828 1156 1888 ab
1168 1848 1195 1888 ts

112 1945 149 1988 co
170 1947 233 2008 quo
255 1928 350 2006 agitat
370 1937 453 1988 statu
475 1949 570 2009 quam
595 1949 634 1992 ex
656 1948 733 2009 pace
763 1939 793 1988 et
816 1927 984 1991 concordia
1008 1925 1049 1989 ad
1071 1947 1158 1991 arma

109 2027 209 2092 civilia
229 2049 311 2112 quae
331 2028 385 2090 ille
405 2026 571 2091 adversum
593 2027 698 2094 divina
717 2040 748 2091 et
768 2031 907 2092 humana
928 2030 1034 2093 omnia
1067 2028 1161 2111 cepit.

104 2128 181 2192 Non
198 2151 259 2210 pro
287 2149 343 2193 sua
374 2141 430 2191 aut
460 2150 597 2213 quorum
624 2130 748 2191 simulat
777 2129 904 2193 iniuria.
958 2129 1021 2192 Sed
1052 2131 1157 2207 legum

103 2231 293 2294 aclibertatis
313 2231 551 2295 subvertendae.
572 2231 671 2309 agitur
692 2232 775 2292 enim
807 2253 843 2293 ac
872 2233 1028 2293 laceratur
1060 2230 1158 2291 animi
1193 2284 1197 2288 .

99 2333 250 2416 cupidine
272 2345 304 2395 et
325 2352 480 2396 noxarum
512 2345 598 2394 metu
631 2353 743 2414 expers
772 2333 894 2394 consilii
925 2332 1049 2424 inquies
1078 2333 1191 2402 haec2o

100 2449 198 2519 atque
216 2436 270 2498 illa
290 2447 445 2517 temptans
466 2434 676 2496 metuitotium
699 2433 766 2495 odit
786 2437 903 2497 bellum
929 2434 1009 2497 luxu
1034 2447 1097 2515 atq.
1117 2435 1157 2497 li·

98 2538 206 2600 centia
220 2535 392 2598 carendum
415 2536 499 2600 videt
520 2548 583 2618 atq.
606 2535 732 2597 interim
753 2538 891 2598 abutitur
910 2526 1015 2597 vestra
1049 2556 1156 2598 socor-

99 2640 166 2702 dia.
206 2640 288 2722 Neq.
309 2639 387 2700 mihi
408 2639 481 2700 satis
510 2638 632 2701 consilii
665 2650 710 2698 est
739 2649 857 2697 metum
886 2635 1081 2714 anignaviam
1113 2657 1156 2696 an

99 2742 290 2804 dementiam
313 2762 382 2803 eam
403 2741 556 2820 appellem
578 2740 633 2821 qui
663 2736 813 2800 videmini
835 2736 935 2797 itanta
958 2738 1040 2797 mala
1065 2739 1156 2818 quasi

99 2846 222 2905 fulmen
251 2844 529 2924 optaresequisque
558 2842 608 2903 Ne
639 2842 776 2914 attingat.
826 2836 880 2898 Set
907 2837 1077 2917 prohibere
1103 2837 1190 2905 Necs

62 2945 212 3020 sconari
235 2942 373 3026 quidem.
404 2955 436 3002 et
457 2963 573 3024 quasso
599 2937 789 3004 considerate
813 2959 908 3020 quam
930 2959 1081 3002 conversa
1103 2961 1154 3002 re·

98 3068 175 3108 rum
196 3058 307 3106 natura
330 3043 369 3103 sit
389 3055 479 3104 antea
497 3047 615 3105 malum
637 3041 796 3120 publicum
820 3042 938 3104 occulte
960 3043 1077 3102 auxilia
1097 3063 1154 3122 pa·

96 3152 166 3210 lam
185 3143 428 3206 instruebantur.
449 3157 480 3205 et
496 3166 534 3207 eo
548 3141 624 3202 boni
644 3142 744 3203 malos
769 3140 860 3200 facile
880 3141 1041 3203 anteibant
1061 3143 1154 3205 Nunc

98 3268 166 3331 pax
190 3256 221 3306 et
242 3241 409 3329 concordia
430 3243 646 3305 disturbantur
675 3242 777 3324 palam
799 3239 1010 3305 defenduntur
1034 3246 1153 3307 occulte

172 3391 199 3438 9.
216 3383 307 3436 turbae
324 3387 399 3446 suut3
418 3380 442 3432 tt
461 3383 597 3434 tumultum
634 3385 678 3434 tl
696 3397 748 3436 osu
783 3385 827 3436 19.
841 3398 872 3435 ao
886 3382 1013 3435 libertatis
1049 3386 1091 3436 to.
1106 3400 1154 3437 aa·

95 3461 171 3526 gitur
205 3458 250 3506 21
267 3454 360 3504 metuit
377 3454 458 3504 otium
492 3456 537 3506 23.
556 3469 589 3504 aa
617 3451 746 3522 ignaviam
792 3455 837 3507 st.
857 3453 978 3506 videmini
1002 3459 1074 3505 tauta
1108 3459 1152 3506 25.

96 3533 193 3595 optare
209 3540 237 3576 ss
255 3525 364 3589 quisque
385 3537 418 3576 us

135 3641 263 3679 cortulus.
299 3626 336 3688 (4
364 3624 452 3676 Habet
476 3626 549 3690 neu.)
598 3629 642 3676 15.
669 3623 776 3676 invadit
824 3628 878 3690 (l9.
904 3627 993 3679 Habet
1020 3642 1056 3678 αιι
1055 3626 1153 3698 gitur.)

170 3699 215 3747 23.
226 3694 355 3758 consilii,
373 3703 472 3745 nactum
507 3699 551 3747 24.
570 3693 694 3745 videmini
711 3694 818 3745 intenta
862 3701 906 3749 29.
923 3715 993 3766 por,
1013 3645 1155 3748 concordia

134 3826 180 3874 11.
188 3821 325 3887 ne]Scrib
335 3821 609 3874 cumVatictertneo.
645 3819 708 3871 siti
729 3835 764 3872 ex
790 3823 839 3874 att.
865 3817 925 3876 litt.
944 3821 1065 3890 phraccsd
1096 3837 1154 3876 voc.

136 3897 182 3944 19.
199 3891 305 3960 agitur]
330 3890 439 3942 Praeter
458 3891 542 3944 Vatic.
571 3906 610 3956 pr.
645 3891 804 3957 Pomponius
822 3891 920 3945 Laetus
937 3895 966 3942 in
984 3901 1073 3945 tanto.
1101 3893 1155 3946 Cs-

93 3966 137 4017 sic
161 3961 240 4012 stiam
266 3961 350 4012 Vatic.
378 3966 438 4012 tert.
472 3968 499 4012 et
523 3962 609 4015 vatic.
646 3961 694 4011 teri
712 3960 754 4025 (an
779 3962 856 4013 etiam
875 3964 960 4015 Vatis.
985 3978 1037 4013 sec.
1061 3963 1155 4026 terti)

94 4033 248 4096 Bongarsii.
286 4031 383 4082 Contra
400 4031 484 4083 Vatia.
499 4047 552 4082 sec.
571 4033 609 4082 vi·
644 4028 765 4095 intenta,
776 4033 846 4097 quod
859 4032 928 4100 apud
936 4033 1077 4084 Salustium
1088 4048 1155 4099 qno-

92 4107 177 4156 detur
195 4101 290 4151 babere
309 4100 431 4168 angitur.
636 4110 696 4166 -qus
712 4104 845 4167 requirere
860 4103 963 4154 videtur
977 4103 1089 4155 dativum
1105 4106 1157 4157 sli-

65 4187 81 4199 ‘
131 4177 179 4225 24.
198 4170 302 4236 itarto]
322 4170 387 4236 Log.
401 4176 492 4223 tanta.
507 4169 609 4224 Adime-
644 4185 735 4237 quom,
752 4170 834 4236 vobis,
848 4171 965 4238 civitati,
977 4173 1016 4225 rei
1024 4173 1154 4243 publicae.
