2536 4590
498 173 756 248 ,69-

98 384 255 450 quaerens
277 366 403 440 orbem,
425 362 525 424 victus
549 382 622 444 pars
644 364 824 441 consulum,
847 365 905 430 Cn.
929 369 1097 450 Pompeius
1125 383 1157 432 et

94 471 143 532 M.
165 468 294 529 Crassus
316 468 450 526 alterum
470 467 569 526 iniere
592 466 803 545 consulatum,
828 469 884 550 qui
913 491 1017 553 neque
1040 472 1155 551 petitus

62 574 228 638 zhoneste
249 561 370 630 ab⁴hiis
391 588 494 649 neque
515 568 722 648 probabiliter
741 582 845 648 gestus
865 583 921 634 cst.
963 571 1090 635 Caesari
1110 576 1156 635 le·

94 693 165 752 ges,
187 692 266 754 quas
280 671 449 751 Pompeius
471 668 511 730 ad
531 670 685 750 populum
701 673 789 750 tulit,
813 689 1000 754 prorogatae
1019 676 1053 737 in
1070 676 1155 737 idem

94 775 231 855 spatium
252 775 402 853 temporis
422 774 620 852 provinciae3
641 773 754 836 Crasso
777 777 893 837 bellum
917 777 1097 839 Parthicum
1118 778 1174 838 ins

95 877 200 936 animo
222 876 364 935 molienti
385 875 476 955 Syria
497 873 630 936 decreta.
653 877 709 956 qui
732 878 780 939 vir
811 891 912 941 cetera
942 883 1153 942 sanctissimus

92 979 304 1059 immunisque
329 967 545 1058 voluptatibus
567 999 670 1059 neque
691 979 706 1038 -i
723 981 882 1059 npccunia
904 1003 1008 1063 neque
1032 983 1067 1042 in
1086 984 1152 1060 glo-

91 1083 143 1143 ria
164 1079 410 1160 concupiscenda
432 1093 487 1140 aut
512 1080 642 1142 modum
670 1094 764 1142 norat
796 1097 849 1143 aut
880 1086 1020 1164 capiebat
1047 1084 1152 1144 termi·
1198 1157 1199 1161 Ἰ

57 1202 181 1252 anum.
211 1184 295 1242 hunc
315 1181 565 1263 proficiscentem
589 1184 624 1242 in
648 1183 772 1262 Syriam
798 1183 873 1244 diris
901 1206 972 1245 cum
993 1185 1150 1245 ominibus

92 1287 161 1348 TR.
181 1285 246 1347 PL.
265 1285 383 1345 frustra
406 1286 543 1346 retinere
574 1284 688 1345 conati.
716 1306 853 1366 quorum
883 1287 1095 1348 execrationes
1124 1285 1150 1345 si
1159 1302 1185 1339 ιο

91 1388 128 1448 in
159 1387 263 1468 ipsum
295 1385 511 1448 tantummodo
540 1387 730 1463 valuissent,
765 1387 840 1448 utile
867 1388 1065 1468 imperatoris
1095 1386 1149 1449 da-

58 1498 202 1553 tmnum
223 1473 308 1552 salvo
332 1490 472 1549 exercitu
496 1490 606 1551 luisset
626 1490 704 1570 reip.
747 1483 988 1568 Transgressum
1002 1489 1148 1568 Euphra-

88 1605 146 1655 ten
166 1591 314 1653 Crassum
334 1603 556 1672 petentemque
579 1589 767 1665 Seleuciam,
787 1591 990 1652 circumfusos
1012 1586 1150 1650 inmani·

88 1697 151 1756 bus
174 1692 271 1774 copiis
295 1693 435 1773 equitum
466 1712 524 1752 rex
556 1689 677 1754 Orodes
709 1713 773 1751 una
804 1713 874 1752 cum
908 1704 995 1772 parte
1028 1692 1147 1752 maiore

87 1794 224 1857 Romani
248 1796 402 1855 exercitus
424 1793 592 1853 interemit.
634 1792 794 1873 Reliquias
825 1793 984 1871 legionum
1010 1792 1045 1854 C.
1067 1792 1180 1854 Cas-15

87 1897 153 1957 sius
174 1897 357 1957 atrocissimi
376 1917 453 1957 mox
474 1908 585 1958 auctor
605 1895 752 1955 facinoris
763 1937 772 1971 ,
800 1907 868 1954 tum
894 1905 1041 1976 quaestor
1070 1914 1146 1954 con·

87 1998 226 2061 servavit
256 1997 444 2079 Syriamque
476 1996 554 2058 adeo
577 1999 612 2056 in
635 1998 671 2057 P.
692 1996 731 2056 R.
756 2008 909 2076 potestate
941 1997 1088 2074 retinuit,
1109 2007 1145 2058 ut

86 2113 301 2179 transgressos
332 2099 368 2159 in
398 2121 466 2159 eam
487 2101 622 2162 Parthos
647 2097 730 2160 felici
757 2120 865 2159 rerum
888 2112 1001 2162 eventu
1023 2101 1145 2178 fugaret

88 2223 124 2264 ac
146 2200 303 2264 funderet.

52 2306 69 2357 l
172 2304 305 2367 XLVII.
347 2305 410 2364 Per
435 2304 511 2363 haec
533 2300 793 2385 insequentiaque
815 2312 845 2362 et
874 2322 954 2383 quae
985 2296 1177 2380 praedixi-20

82 2429 156 2469 mus
176 2419 319 2487 tempora
348 2405 481 2485 amplius
497 2399 594 2485 *Ec-co.
624 2406 763 2468 hostium
785 2424 804 2464 a
830 2401 865 2463 C.
887 2404 1019 2463 Caesare
1054 2421 1142 2461 caesa

83 2522 176 2587 sunt,
197 2511 290 2590 plura
312 2521 412 2588 capta.
433 2521 607 2588 pugnatum
628 2530 720 2588 saepe
751 2506 789 2567 de
821 2517 906 2566 recta
934 2505 1015 2581 acie,
1049 2522 1140 2581 saepe

10 2612 16 2641 ·’
81 2615 120 2674 in
140 2612 334 2692 agminibus,
355 2631 446 2691 saepe
469 2612 701 2691 eruptionibus,
720 2610 769 2671 bis
789 2619 951 2689 penetrata
969 2603 1140 2680 Britannia,

83 2736 202 2779 novem
224 2713 359 2795 denique
382 2717 549 2775 aestatibus
571 2716 626 2777 vix
650 2716 715 2776 ulla
736 2733 801 2774 non
822 2710 1009 2772 iustissimus
1030 2706 1141 2766 trium·

82 2819 168 2898 phus
181 2815 337 2876 emeritus
360 2813 451 2875 Circa
469 2817 605 2877 Alesiam
621 2838 698 2878 vero
720 2828 822 2875 tantae
844 2832 893 2873 res
913 2822 1025 2888 gestae,
1040 2819 1174 2888 quan-2⁵

81 2931 133 2980 tas
158 2916 274 2978 audere
295 2918 351 2979 vix
372 2919 529 2995 hominis,
561 2922 710 3000 perlicere
736 2935 836 2997 paene
863 2913 979 2973 nullius
1008 2910 1069 2970 nisi
1091 2907 1141 2970 dei

48 3019 192 3082 zfuerit.
240 3017 379 3098 Septimo
400 3022 497 3082 ferme
518 3042 601 3083 anno
632 3021 745 3083 Caesar
771 3019 955 3079 morabatur
977 3016 1011 3074 in
1033 3014 1140 3088 Gallis,

82 3144 158 3183 cum
180 3119 318 3182 medium
339 3123 401 3182 iam
423 3144 464 3183 ex
483 3123 602 3186 invidia
623 3124 717 3185 Ponti
734 3133 764 3182 et
780 3120 927 3182 Camiliae
946 3113 1139 3178 cohaerentis

156 3265 182 3316 1.
200 3262 314 3312 inactum
333 3277 380 3329 par
414 3267 441 3314 8.
464 3264 497 3315 ab
526 3265 557 3316 iis
603 3267 628 3317 4.
652 3263 771 3329 legibue,
797 3278 861 3328 quas
908 3265 952 3314 13.
978 3255 1139 3311 circumfusis

79 3336 129 3386 22
147 3332 248 3384 directa
282 3336 327 3384 27.
346 3333 440 3384 Galliis
476 3338 520 3387 28.
540 3350 574 3387 ex
591 3335 686 3387 invidia
705 3335 837 3402 potentiae
856 3333 923 3384 male
941 3328 1103 3384 cohaerentis

120 3464 147 3514 1.
165 3457 254 3508 victas
265 3459 344 3525 pars]
367 3460 448 3512 APR.
472 3459 595 3519 iunctam
666 3465 707 3512 13.
727 3457 915 3530 circumfusos]
941 3458 996 3510 AP.
1026 3454 1138 3506 circum·

76 3546 136 3599 par
152 3530 186 3580 0.
204 3527 256 3592 (bis
268 3545 319 3581 una
330 3531 467 3598 consules.)
486 3531 594 3582 unicum
623 3530 702 3601 susis
720 3530 772 3582 ott.

75 3617 135 3670 par
161 3597 267 3652 Ruhnlt.
294 3599 423 3650 invictum
446 3619 498 3668 par
520 3601 594 3654 Rhe·
663 3605 708 3653 22.
727 3599 758 3648 de
774 3596 859 3662 recta]
884 3597 916 3646 A.
935 3593 1037 3643 directa
1061 3591 1137 3647 Pblt.

78 3685 174 3725 mnus.
192 3670 218 3721 b.
236 3669 273 3736 (ld
291 3671 361 3737 (lund
379 3670 413 3723 tle
431 3679 522 3724 neutro
542 3671 594 3724 dict
663 3674 709 3723 25.
724 3667 859 3732 emeritus]
875 3663 974 3719 APbR.
990 3673 1031 3715 est
1044 3662 1138 3714 erueri-

78 3741 208 3811 potetat.)
628 3749 675 3790 tus
693 3740 804 3791 Criticns
823 3738 911 3790 Berol.

118 3816 146 3865 8.
165 3810 229 3875 ltt'is]
248 3812 280 3862 A.
298 3809 332 3861 iis
349 3811 382 3863 0.
401 3811 444 3862 hir
460 3806 535 3865 PbR.
655 3816 709 3872 25.
727 3827 768 3860 res
781 3809 885 3877 gestae]
904 3807 986 3860 ABR.
1004 3822 1046 3855 res
1064 3803 1112 3855 Pb.

27 3898 30 3905 ·
118 3885 147 3934 4.
164 3879 251 3950 leges,
263 3881 344 3950 qaas]
354 3884 386 3933 A.
403 3882 515 3952 legibus,
527 3899 596 3952 qaas
664 3886 709 3934 nt.
729 3879 827 3946 Gallis]
845 3883 877 3934 A.
895 3876 991 3928 Galliis
1008 3875 1084 3931 PbR.

80 3953 118 4006 0.
131 3951 226 4021 legen,
238 3969 319 4021 quam
331 3953 363 4004 P.
379 3951 446 4016 lege,
456 3971 536 4022 qaam
544 3954 595 4004 btt.
665 3956 709 4003 28.
727 3949 810 4002 Ponti
818 3961 844 4000 et
853 3947 990 4012 Camillae]
1002 3948 1032 3998 A.
1043 3943 1138 4009 (Ponti

119 4027 148 4075 6.
172 4021 202 4072 in
233 4021 333 4088 animo]
371 4024 470 4076 APbR.
509 4023 595 4074 aniate
631 4039 665 4071 aa
693 4021 828 4073 Gaetuliae*
836 4022 879 4088 P.)
901 4015 1038 4087 potentiae
1067 4014 1135 4064 male

80 4092 205 4163 Gladius.
631 4093 744 4160 Lipsius.
754 4093 788 4144 tt.
806 4089 935 4158 (Pompeii
943 4085 1011 4138 male
1019 4086 1044 4142 b.
1055 4083 1137 4138 Ponti

17 4222 23 4241 .
116 4168 146 4219 0.
165 4161 307 4232 natatus]
326 4164 402 4219 AbR.
425 4159 545 4216 carnibus
560 4158 594 4218 P.
629 4163 698 4214 atate
715 4160 873 4225 thenannu)
