2536 4590
460 195 516 265 ³·-
570 206 647 285 tet
703 254 749 275 ...-

85 381 208 452 ususdet.
244 394 321 455 haee
343 390 370 456 si
391 395 515 478 placent
536 394 564 456 si
584 403 669 457 tenta
690 395 824 479 torpedo
844 399 964 465 animes
981 404 1136 485 oppressit

30 518 36 530 =
117 495 143 544 tt
157 489 230 583 obliti
255 496 409 558 scelerum
439 496 558 559 Cinnae
590 497 679 558 cuius
712 499 747 561 in
776 503 889 564 urbem
912 502 1016 565 reditu
1041 505 1136 572 decue

115 584 204 656 odius
216 596 321 658 huius
335 596 464 659 interiit.
505 596 719 659 Nihilominus
737 620 796 664 ves
815 614 910 685 atque
936 603 1082 682 coniuges
1105 620 1136 669 et

31 695 38 701 “
115 685 201 756 llutos
216 696 339 778 Lepide
360 698 544 777 permissuri
572 698 647 760 sitis.
679 701 756 783 quid
784 722 864 781 epus
896 702 1025 766 decretis
1057 705 1135 786 quid

30 826 34 834 ·
114 794 201 860 sunto
222 798 325 861 Catuli
346 801 451 882 quinis
483 813 513 862 et
537 801 655 863 aliheni
678 823 727 881 rp.
757 804 875 864 frustra
908 817 1020 865 curant
1053 804 1157 883 agitet

113 895 209 960 utlibet
223 913 331 980 parate
356 902 446 964 vobis
467 902 596 981 Cethegi
617 913 680 997 atq.
702 903 769 964 alia
796 905 995 986 proditorum
1026 891 1134 987 ΡαῐτοᾸ

30 1002 33 1035 ²
111 989 170 1058 daie
187 1002 238 1082 qui
258 1001 386 1082 rapinas
408 1016 440 1064 et
460 1002 605 1065 incendia
634 1003 809 1067 instaurare
831 1008 972 1089 cupiunt.
1001 1020 1033 1069 et
1060 1029 1134 1070 rur·

110 1107 147 1157 tus
162 1097 318 1164 adversum
340 1101 416 1165 dees
440 1103 560 1185 penatis
585 1123 695 1165 manus
726 1127 845 1177 armare
874 1109 923 1170 ein
952 1111 1080 1171 libertas
1102 1122 1134 1171 et

108 1212 163 1262 teta
180 1205 273 1282 magis
294 1204 418 1284 placent
442 1203 599 1283 decernite
621 1201 713 1281 digna
742 1205 872 1267 Nemini
897 1220 927 1269 et
953 1221 1061 1287 augete
1083 1209 1133 1268 in·

30 1333 34 1340 ·
107 1301 214 1373 geniem.
233 1304 311 1367 viris
335 1306 444 1368 fortib.
467 1305 554 1367 adest
580 1325 680 1367 neves
705 1307 861 1366 exereitus
891 1307 1169 1372 adhecceleniae¹⁰

106 1406 353 1468 veternmmilitum
373 1406 529 1468 Nobilitas
552 1407 653 1466 omnis
676 1403 770 1467 duces
792 1409 902 1487 optimi
925 1411 1053 1472 fortuna
1067 1429 1134 1468 me·

30 1506 35 1519 '
103 1499 177 1567 hores
196 1507 349 1589 sequitur.
368 1507 487 1568 lamilla
510 1528 589 1590 quae
611 1506 755 1569 socordia
779 1521 888 1571 nestra
910 1513 1038 1575 collecta
1060 1521 1134 1570 sunt

30 1606 33 1626 ⁵
74 1597 267 1670 tollebantur.
308 1629 405 1690 quare
426 1608 470 1670 ite
492 1629 602 1672 censeo
627 1609 777 1690 queniam
797 1609 936 1690 Lepidus
959 1612 1133 1674 exercitum

97 1710 203 1787 pnuete
234 1711 364 1772 consilio
388 1723 532 1790 paratum
563 1731 633 1770 cnm
661 1709 803 1788 pessimis
825 1723 856 1770 et
875 1712 1018 1772 hostibus
1041 1713 1079 1772 R.
1098 1716 1134 1774 P.

95 1823 189 1873 senua
210 1813 304 1873 huius
327 1809 446 1872 ordinis
469 1811 683 1872 auctoritatem
706 1809 745 1870 ad
765 1812 876 1872 urbem
896 1810 982 1872 ducit
998 1812 1046 1871 uti
1066 1811 1168 1890 Ap’.¹⁵

92 1910 228 1975 Claudius
249 1914 390 1974 interrex
411 1933 482 1974 eum
504 1910 542 1986 Q.
560 1911 672 1973 Catule
693 1931 817 1992 preces.
839 1925 869 1973 et
891 1913 999 1973 ceteris
1017 1912 1133 1994 quibus

86 2016 244 2096 imperinm
265 2028 312 2077 est
331 2016 405 2077 urbi
425 2015 583 2096 praesidio
605 2016 668 2076 sint
687 2012 964 2098 operamquedent.
1005 2013 1134 2096 Nequid

82 2141 162 2203 resp.
181 2117 359 2182 detrimenti
381 2120 493 2199 capiat.

194 2348 381 2416 ORATIO
406 2348 484 2411 ent
508 2345 697 2410 COTTAE
720 2342 818 2410 008.
842 2346 906 2408 AD
929 2346 965 2409 Ρ.
986 2345 1043 2409 R.-

40 2533 57 2582 l
165 2505 302 2582 Quirites
322 2509 422 2569 multa
450 2505 527 2567 mihi
548 2503 687 2584 pericula
710 2501 795 2564 demi
824 2501 1015 2582 militiaeque
1035 2501 1170 2564 multare

74 2612 208 2678 adversa
228 2613 316 2681 luere
338 2629 475 2690 querum
500 2597 718 2667 alia‘teleravi
748 2602 862 2682 partim
894 2599 1021 2679 reppuli
1058 2599 1135 2663 dee·

71 2737 149 2784 rum
171 2712 296 2777 auxiliis
313 2723 344 2772 et
363 2711 478 2772 virtute
495 2729 574 2770 mea.
586 2730 590 2734 ·
602 2705 711 2786 loquis
731 2703 849 2764 omnib.
878 2700 1048 2782 Nunquam
1066 2702 1135 2762 ani·

72 2838 147 2882 mus
169 2815 303 2893 Negotia
326 2810 435 2873 defuit.
478 2809 590 2890 Neque
616 2804 746 2868 decretis
776 2804 866 2865 labos
889 2802 988 2863 malae
1024 2820 1136 2860 secun·

73 2920 200 3000 deeque
221 2935 272 2976 res
295 2934 369 2996 opes
392 2933 458 2974 nen
481 2910 642 2990 ingenium
670 2905 748 2967 mihi
776 2904 950 2965 mutabant.
986 2898 1136 2963 adcentro
1215 2902 1219 2911 '

72 3021 162 3085 inhia
184 3015 318 3081 miseriis
340 3026 452 3076 cuncta
473 3034 523 3074 me
546 3033 616 3073 cum
635 3013 764 3072 fortuna
784 3005 948 3069 deseruere
973 3015 1171 3084 praetereare

74 3108 221 3188 senectus
244 3138 309 3200 -per
337 3137 369 3178 se
398 3114 500 3194 gravis
534 3133 640 3185 euram
672 3109 810 3189 duplicat
842 3107 893 3167 cui
922 3102 1036 3164 misere
1069 3114 1137 3164 acta

156 3291 183 3342 5.
202 3286 262 3353 qnin
282 3285 304 3335 is
323 3291 350 3336 et
368 3285 411 3335 alii
429 3282 490 3334 beni
526 3284 552 3333 9.
571 3277 673 3330 nornine
711 3278 753 3325 10.
772 3270 805 3323 ad
825 3267 874 3322 hoc
890 3269 1007 3320 coloniae
1020 3273 1137 3352 veterum

79 3362 192 3414 mititem
230 3359 273 3408 12.
291 3355 345 3407 latn
365 3356 408 3405 ille
446 3357 489 3404 13.
507 3352 546 3403 M.
560 3347 676 3415 Lepidus
714 3339 1138 3410 1t.opsramqueeeatnequ1e

79 3437 125 3483 2‘2.
145 3431 175 3481 In
191 3428 249 3493 quis
284 3429 328 3477 24.
347 3429 380 3476 ht
399 3429 489 3476 contre
506 3424 533 3473 in
550 3420 589 3472 his

119 3569 244 3607 coortus.
287 3555 312 3602 6.
332 3548 374 3600 uti
398 3545 472 3599 lubet
516 3547 553 3608 (9.
579 3539 667 3594 Habet
694 3535 815 3599 nemine.)
862 3537 905 3584 ts.
932 3548 1001 3601 quoe
1027 3529 1139 3581 collecte

155 3632 220 3677 eunt
239 3621 360 3672 socordio
384 3627 479 3670 nestra
524 3615 577 3678 (lb.
604 3611 692 3663 Habet
721 3605 846 3676 qnoniam
871 3601 1009 3669 Lepidus.)
1046 3604 1089 3652 15.
1107 3607 1139 3649 ut

155 3701 199 3747 20.
219 3691 332 3744 militiae
374 3693 419 3740 22.
439 3701 523 3755 neque
542 3680 648 3741 animus

119 3829 147 3878 9.
167 3819 277 3886 nemim]
288 3818 342 3869 'Sic
354 3815 440 3868 vatic.
453 3827 493 3881 pr.
509 3810 595 3864 Vetic.
630 3807 707 3859 detur
724 3813 879 3868 praenomen
897 3798 938 3848 M.
956 3797 1105 3862 absorptum
1124 3810 1141 3846 a

83 3913 141 3951 sec.
160 3894 244 3948 Vatlc.
265 3887 411 3953 Bengarsii.
632 3873 805 3946 praecedente
823 3870 909 3920 littera
925 3884 960 3950 m.
1040 3934 1047 3948 ·

124 3972 168 4018 10.
186 3962 278 4027 noves]
300 3960 372 4010 Haeo
388 3953 518 4018 antiquior
531 3951 597 4002 scri-
666 3949 710 3996 22.
736 3939 885 4010 nunquam]
915 3938 960 3988 Sto
985 3934 1071 3987 Vetto.
1101 3950 1141 4001 pr,

82 4046 163 4108 ptura
194 4035 303 4084 affertur
337 4029 415 4080 etiam
446 4040 480 4076 ex
512 4023 595 4076 Vatia.
632 4019 716 4071 Velie.
736 4009 889 4098 'Bengarsii
933 4007 973 4057 De
1003 4006 1059 4058 Vnt.
1087 4020 1159 4073 sec„

82 4106 234 4171 Beugarsii.
632 4096 659 4141 et
683 4092 760 4139 tertre
784 4097 834 4134 neu
858 4082 968 4130 constat.
992 4076 1070 4141 Velg.
1095 4093 1142 4124 ne-

124 4183 168 4230 13.
188 4170 316 4243 Lepidus]
329 4164 542 4236 Praeponendane
558 4164 595 4215 vi·
633 4177 682 4231 quc
693 4159 801 4225 primum
816 4153 900 4202 exstat
910 4149 935 4200 iu
947 4147 1037 4201 Aldine
1048 4145 1142 4214 priore.

757 4237 797 4300 ll
