2564 4590
503 226 549 240 --
603 178 683 255 156
730 182 784 240 ’--

83 389 99 438 1
204 373 319 436 cxlx.
362 369 513 438 Ordinem
536 366 744 430 atrocissimae
768 347 961 442 calamitatis,
984 387 1050 448 qua
1083 367 1167 427 nulla

116 488 188 557 post
209 475 303 538 Cassi
316 456 355 537 iri
374 474 507 546 Parthis⁵
520 469 667 533 damnum
698 469 731 528 in
762 468 899 552 externis
929 469 1079 548 gentibus
1101 487 1169 544 gra·

116 579 186 641 vior
212 578 362 639 Romanis
394 576 468 650 fnit,
500 573 589 633 iustis
619 569 831 633 voluminibus
865 582 901 631 ut
933 569 1003 646 alii,
1033 571 1081 630 ita
1114 587 1171 628 nos

82 678 300 744 2conabimur
321 696 489 758 exponere.
516 693 600 734 nunc
627 690 747 732 summa
774 669 915 731 deflenda
937 682 995 731 est.
1039 670 1172 730 Exerci-

114 791 166 839 tus
187 778 328 840 omnium
356 778 559 853 fortissimus,
593 771 755 852 disciplina
783 792 877 832 manu
910 771 1188 852 experientiaque⁵

115 880 271 940 bellorum
290 880 372 940 inter
397 879 555 939 Romanos
577 875 689 936 milites
718 876 864 954 princeps
893 873 1005 934 Marco
1036 872 1174 950 reducis,
1211 876 1217 883 '

81 1043 89 1055 q
114 978 245 1059 perfidia
265 980 381 1054 hostis,
400 979 564 1060 iniquitate
584 977 729 1037 fortunae
751 976 995 1049 circumventus,
1028 992 1103 1033 cum
1134 995 1174 1034 ne

113 1077 275 1158 pugnandi
296 1079 422 1160 quidem
442 1075 485 1160 -Ι-
508 1076 634 1155 egredi&
655 1089 708 1138 aut
736 1076 934 1151 occasionis„
957 1075 994 1135 in
1016 1088 1176 1156 quantum

113 1183 296 1255 voluerant,
319 1179 390 1242 data
412 1192 490 1242 esset
510 1179 658 1239 immunis
669 1223 679 1257 ‚
701 1177 852 1255 castigatis
869 1177 961 1237 etiam
981 1175 1177 1258 quibusdam

114 1283 202 1361 gravi
224 1304 344 1362 poena,
369 1282 424 1364 qui
445 1303 463 1342 a
481 1281 631 1342 Romanis
654 1290 691 1362 et
705 1279 798 1339 armis
820 1290 850 1339 et
871 1277 982 1338 animis
1004 1279 1073 1338 suis
1096 1278 1174 1338 fuis·
1183 1288 1207 1324 ¹⁰

116 1397 201 1460 sent,
222 1387 360 1444 inclusus
383 1385 467 1443 silvis
489 1380 611 1461 paludis
635 1378 756 1440 insidiis
782 1381 820 1440 ab
843 1399 880 1439 eo
903 1380 994 1438 hoste
1016 1375 1060 1437 ad
1078 1378 1176 1438 inter·

114 1484 276 1544 necionem
297 1482 467 1543 trucidatus
490 1496 553 1558 est,
578 1500 672 1560 quem
693 1482 737 1540 ita
759 1500 881 1559 semper
902 1500 991 1541 more
1012 1477 1177 1558 pecudum

114 1582 341 1664 trucidaverat,
363 1593 398 1641 ut
420 1581 515 1642 vitam
547 1592 601 1640 aut
632 1592 766 1641 mortem
798 1581 864 1641 eius
896 1601 981 1640 nunc
1009 1579 1062 1641 ira
1090 1601 1177 1641 nunc

81 1681 206 1744 3venia
233 1694 430 1762 temperaret.
474 1682 558 1742 Duci
586 1683 661 1761 plus
700 1680 740 1742 ad
772 1679 970 1743 moriendum
1004 1701 1106 1764 quam
1136 1681 1178 1744 ad

115 1780 319 1861 pugnandum
340 1783 436 1844 animi
466 1784 537 1844 fuit.
565 1783 682 1865 quippe
714 1783 838 1864 paterni
864 1784 976 1866 avique
1009 1799 1209 1848 successerit

83 1885 250 1965 sexempli
274 1907 306 1947 se
330 1885 398 1964 ipse
419 1887 584 1947 transfixit.
626 1888 668 1949 At
687 1906 703 1945 e
722 1885 885 1965 praefectis
903 1896 1083 1948 castrorum
1095 1885 1179 1948 duo·

115 1990 174 2046 bus
196 2006 289 2066 quam
310 1987 427 2046 clarum
450 1988 628 2066 exemplum
651 1987 690 2048 L.
711 1988 841 2064 Eggins,
866 1998 930 2046 tam
956 1999 1051 2069 turpe
1082 1987 1178 2049 Ceio·

116 2087 186 2146 rrius
207 2084 360 2166 prodidit,
382 2087 437 2168 qui
462 2107 531 2146 cum
547 2089 638 2164 longe
661 2091 829 2148 maximam
846 2100 966 2167 partem
977 2089 1178 2168 absumpsis-

116 2200 163 2248 set
184 2189 280 2265 acies,
313 2200 422 2248 auctor
443 2185 608 2249 deditionis
632 2189 784 2268 supplicio
817 2210 910 2270 qnam
934 2191 1055 2268 praelio
1089 2192 1178 2254 mori

116 2291 235 2349 maluit.
277 2289 317 2347 At
336 2288 585 2368 Valnurnonius,
604 2293 721 2368 legatus
742 2291 835 2366 Vari,
860 2302 961 2352 cetera
983 2292 1113 2373 quietus
1138 2307 1212 2354 acto

188 2428 213 2475 2.
234 2423 320 2475 Crassi
356 2428 610 2481 6.marc0red11cis
651 2436 676 2482 8.
701 2432 803 2481 occasio
820 2432 852 2482 iis
888 2434 931 2482 10.
959 2431 1019 2496 quia
1042 2432 1176 2494 Romanis

118 2501 161 2553 10.
186 2495 276 2546 animis
298 2494 339 2545 usi
384 2501 428 2549 ll.
457 2498 594 2563 paludibus
638 2505 681 2554 15.
709 2501 823 2565 avitique
865 2504 909 2554 20.
928 2501 993 2554 Vela
1021 2501 1177 2554 Numanins

152 2603 179 2651 2.
198 2599 284 2666 Cassi]
304 2599 358 2652 AB.
378 2598 468 2650 Crassi
485 2602 560 2654 PbR.
658 2619 766 2655 mannus
785 2610 812 2654 et
829 2602 932 2655 Ruhnk.
954 2602 1070 2672 (egregie
1093 2623 1175 2655 orca-

153 2675 178 2722 6.
198 2673 293 2720 Marco
310 2669 425 2736 reducis]
449 2673 482 2724 A.
507 2689 624 2724 marcore
658 2675 712 2736 sio,
732 2674 907 2742 inquantum
927 2673 1080 2739 voluerant,
1104 2675 1176 2726 data

118 2739 194 2791 ducis
212 2740 287 2792 Pntt.
658 2753 727 2794 esset
741 2742 841 2793 miseris
856 2742 893 2807 b.)

152 2816 179 2862 8,
203 2809 318 2879 egredie]
343 2808 400 2863 BR.
427 2809 541 2879 (egredie
568 2812 624 2864 sine
696 2818 738 2864 10.
758 2813 804 2883 qui
819 2813 848 2877 a]
866 2816 897 2866 Α.
916 2810 981 2882 quia
999 2813 1077 2866 PbR.

116 2881 225 2944 lineola,
242 2895 369 2947 superscr.
389 2879 560 2950 dlitteraeg.
579 2881 623 2949 Δ.)
695 2888 737 2936 10.
755 2882 824 2946 suis]
842 2886 872 2933 A.
890 2882 934 2931 usi
952 2883 1027 2934 PbR.

115 2950 219 3017 egregie
243 2952 273 3002 P.
306 2949 487 3018 egrediendive
522 2952 623 3001 occasio
695 2958 738 3005 ll.
753 2951 874 3019 paludis]
887 2953 942 3004 ΑΡ,
957 2949 1110 3018 paludibus
1118 2953 1175 3006 bR.

117 3021 225 3074 Vossius
244 3026 272 3072 et
289 3020 411 3083 cludine,
434 3019 461 3070 id
486 3022 554 3086 qnod
574 3037 623 3073 non
695 3027 736 3074 15.
754 3022 862 3090 avique]
881 3022 937 3073 ΑΒ.
955 3022 1174 3090 ανὶιὶᾳιιέΡΜί.

54 3109 64 3112 “
116 3091 226 3154 sufficit,
251 3105 309 3142 cum
335 3090 442 3141 deberet
474 3105 532 3142 esse
549 3108 624 3161 egre·
696 3098 737 3145 15.
756 3108 889 3142 successor
905 3091 1176 3160 exemplr]A.axem-

117 3160 236 3208 diendiue
254 3159 327 3210 rullo
340 3156 448 3210 occasio.
485 3161 534 3224 „ln
549 3178 623 3229 egre·
655 3162 696 3230 pli
713 3179 846 3213 successor
864 3161 964 3213 BPbR.
1002 3163 1068 3213 Cum
1084 3157 1174 3216 trane-

116 3228 160 3276 die
174 3229 229 3277 sine
246 3228 324 3279 dubio
336 3229 521 3280 substantivum
536 3229 623 3281 latet.”
659 3234 752 3299 positio
777 3247 882 3298 prorsus
905 3232 1040 3283 Veiteians
1065 3234 1120 3297 sit,
1138 3237 1175 3286 n-

114 3296 254 3349 RUHNK.
274 3296 377 3365 quidem
396 3296 531 3361 degrada
549 3299 623 3350 Lux·
658 3303 716 3354 dem
735 3303 821 3357 tribuo
841 3300 864 3353 h.
882 3303 898 3353 l.
918 3301 1099 3367 Amerbachio‚
1119 3320 1173 3357 non

116 3365 205 3432 dorph.
244 3365 333 3416 Baden
351 3365 427 3416 affert
444 3367 510 3417 Livii
524 3371 567 3431 et,
577 3372 621 3419 39.
658 3373 783 3434 Euserio,
812 3373 861 3423 etsi
886 3372 913 3423 is.
935 3387 1038 3438 quoque
1064 3373 1092 3423 in
1119 3374 1173 3426 Ed.

116 3437 176 3486 Non
193 3434 268 3485 modo
282 3434 320 3484 ad
334 3435 548 3485 emittendorum
558 3454 622 3503 pro·
657 3443 740 3507 princ.
758 3440 863 3492 exhibet
887 3441 998 3509 exempli
1023 3459 1175 3498 successor.

114 3524 194 3556 cursu
213 3533 248 3545 -
265 3504 375 3555 -tela
394 3505 513 3574 spatium
539 3505 621 3556 hade·
655 3513 686 3562 ln
704 3509 753 3563 Ed.
772 3511 960 3564 Ruhnkeniana
982 3512 1038 3563 eius
1057 3520 1173 3566 annon-

114 3575 194 3640 bant,
213 3575 261 3628 sed
275 3586 306 3628 ut
324 3575 396 3626 neda
411 3575 500 3646 gradu
518 3576 621 3647 quidem
657 3584 693 3634 tio
711 3583 828 3633 mutilata
846 3588 895 3635 est.

112 3645 194 3697 libero
213 3664 246 3696 ac
260 3645 353 3697 stabili
362 3656 531 3701 conarentur.
551 3649 621 3699 Gro·
694 3673 735 3720 16·
755 3668 796 3719 A,
812 3667 837 3733 e]
851 3671 881 3719 A·
896 3684 975 3721 am·
990 3684 1075 3720 manu·
1090 3670 1162 3724 PbR

113 3718 215 3769 nonium
245 3718 278 3767 ad
304 3718 421 3769 Senecae
447 3718 620 3782 Agamemno·
656 3739 698 3790 A,
718 3756 750 3788 u,
770 3741 790 3788 Δ
820 3739 936 3805 ,prima
953 3754 1030 3790 manu
1165 3711 1172 3725 '

112 3804 170 3840 nem
189 3804 213 3840 v.
234 3792 294 3840 615.
330 3787 384 3838 Sed
401 3803 433 3839 nc
450 3785 499 3839 hoc
517 3790 620 3853 quidem
692 3758 716 3876 lq
755 3775 835 3874 L'E
875 3823 881 3834 .
951 3777 1039 3878 APR'
1056 3826 1083 3876 E
1108 3824 1137 3877 ,1.

113 3858 162 3910 hnc
180 3857 304 3923 quadrat,
329 3857 378 3909 etsi
400 3858 560 3920 ingeniosum
579 3864 620 3911 at·
654 3831 795 3947 bossiss'o
814 3825 977 3962 prgage'ffissine
1027 3867 1033 3880 ·
1080 3844 1172 3897 ἕω*

112 3944 163 3992 que
181 3930 256 3981 unice
274 3943 362 3980 verum
380 3927 497 3980 Bedenic
510 3930 619 3983 videtur.
793 3978 799 3991 ,
838 3981 843 3992 ,
1085 3982 1090 3992 .
1132 3985 1137 3994 .

147 4002 173 4047 8.
194 3997 348 4064 occasionis]
368 3997 449 4050 APR.
467 3998 569 4050 occasio
588 3999 622 4050 iis
693 3986 736 4034 17·
754 3983 886 4048 emmam]
906 3982 980 4035 AbR·
1002 3984 1029 4036 0·
1047 3984 1172 4037 ΟΜΝΗ

111 4069 227 4121 Vossius,
656 4053 787 4105 Heinsius.
804 4054 832 4107 0.
851 4051 962 4106 Eionius
985 4055 1016 4106 P.

148 4142 173 4190 9.
189 4135 418 4217 inununisinl‘li.
435 4136 540 4206 impune
553 4138 622 4191 Bur·
692 4145 736 4191 20.
769 4139 974 4209 Volnumonius]
1006 4141 1062 4194 ΔΡ.
1093 4139 1171 4195 Vola
