2536 4590
490 236 546 252 ¹-
599 188 680 271 172
731 235 780 252 -

104 370 207 460 'regna
239 382 366 445 hostilia
398 379 523 445 ducant.
583 381 728 464 Namque
760 381 853 462 pauci
881 381 1063 444 libertatem
1097 402 1172 464 pars

110 501 228 562 magua.
242 486 342 546 iustos
364 482 508 547 dominos
522 484 645 547 volunt.
686 483 753 545 Noe
775 483 909 564 suspecti
924 502 1034 544 sumus
1055 483 1174 542 aemuli

76 587 142 644 7et
171 584 206 645 in
232 597 371 667 tempore
402 584 538 649 vindices
575 585 723 647 adfuturi.
753 597 789 646 tu
827 605 904 648 vero
934 585 986 645 cui
1018 581 1174 646 Seleucea

111 685 376 748 maximaurbium
409 706 602 768 regnumque
636 685 771 747 Persidis
809 685 934 767 inclytis
967 684 1087 747 divitiis
1124 699 1173 747 cst

112 782 189 866 quid
209 788 248 846 ab
269 788 342 849 illis.
385 788 455 850 Nisi
477 787 585 849 dolum
610 787 645 848 in
667 808 815 869 praesens
831 799 878 847 et
907 799 1017 868 postea
1047 788 1192 850 bellums

111 902 268 969 expectas.
309 890 444 952 Romani
464 889 607 950 armaio
630 890 871 949 omnishabent
899 888 1052 949 acerrima
1079 889 1173 950 ineos

110 991 197 1070 quib.
219 991 308 1053 victis
332 991 434 1070 spolia
454 1011 602 1051 maxume
623 1002 707 1051 sunt.
736 988 882 1051 audendo
910 1002 940 1050 et
967 989 1111 1052 fallendo
1141 1003 1173 1052 et

108 1090 192 1149 belle
212 1108 253 1150 ex
277 1091 366 1152 bellis
391 1089 523 1153 serendo
546 1092 757 1169 magnifacti.
778 1111 836 1170 per
857 1091 942 1150 hunc
963 1109 1091 1152 morem
1114 1112 1173 1153 ex·

108 1190 252 1268 tinguent
276 1193 381 1253 omnia
402 1205 456 1254 aut
476 1190 628 1254 occident.
649 1190 736 1273 quod
766 1189 853 1252 haud
879 1190 1004 1252 difficile
1036 1205 1086 1255 est
1105 1194 1172 1256 situ

109 1293 337 1374 Mesopotamia
357 1315 416 1356 nos
441 1296 589 1356 Armenia
610 1291 885 1373 circumgredimur
904 1292 1079 1354 exercitum
1100 1296 1171 1357 sine
1179 1316 1205 1355 m

110 1394 269 1456 frumento
292 1396 358 1455 sine
380 1395 515 1457 auxiliis.
536 1397 664 1456 fortuna
685 1406 739 1455 aut
758 1395 872 1456 nostris
887 1393 970 1456 vitiis
992 1393 1098 1456 adhuc
1119 1396 1172 1456 in·

110 1497 274 1559 columem.
307 1506 401 1575 teque
432 1498 486 1554 illa
520 1497 604 1555 sama
642 1509 791 1576 sequetur
828 1495 948 1557 auxssio
988 1497 1173 1576 profectum

108 1596 230 1676 magnis
256 1595 381 1673 regibus
409 1597 547 1657 latrones
577 1597 715 1673 gentium
745 1597 945 1677 oppressisse.
995 1593 1093 1671 Quod
1123 1601 1172 1658 uti

109 1695 203 1756 facias
225 1717 338 1760 moneo
359 1699 544 1780 hortorque.
585 1697 657 1759 Neu
679 1700 767 1759 malis
785 1699 923 1779 pernicie
938 1682 1059 1760 Nostra
1080 1711 1170 1762 luam

109 1799 267 1879 prolatare
289 1820 385 1882 quam
403 1801 549 1862 societate
569 1801 670 1863 vietor
690 1802 769 1863 fieri.
1177 1821 1202 1861 as

158 2012 161 2019 ,
181 1961 207 2009 4.
227 1970 345 2009 maxum
363 1958 466 2010 urbium
501 1961 528 2012 6.
545 1958 571 2009 ln
590 1972 637 2010 eos
673 1960 699 2010 9.
717 1959 787 2031 sitta

148 2097 271 2138 collutis.
306 2086 333 2135 8.
357 2081 479 2132 Seleucia

180 2419 300 2472 Excusso
328 2423 379 2473 iam
406 2421 473 2476 Cod.
490 2422 617 2475 Vaticano
642 2424 725 2490 primo
747 2420 812 2474 haec
844 2421 966 2475 mutanda
989 2421 1113 2476 videatur
1140 2427 1166 2476 iu

108 2502 166 2540 mea
184 2491 306 2543 Editioue
322 2493 491 2545 scholastica:

181 2579 288 2631 ORAT.
307 2579 439 2632 LEPIDI.
467 2579 525 2646 5..l
544 2576 633 2646 caplis
651 2594 698 2646 pro
719 2579 905 2647 captivis.-
869 2578 951 2630 -in
968 2577 1091 2631 vitandis
1136 2597 1166 2634 ro

109 2646 138 2696 in
157 2650 346 2700 tutandis.—
310 2651 423 2718 -5..l
442 2652 480 2700 Et
499 2666 548 2702 err.
569 2659 671 2716 typogr.
692 2665 738 2717 pro
757 2659 798 2704 ae.
823 2652 883 2736 59.
901 2650 930 2701 lu
949 2599 1165 2718 uuopropeiie-

108 2733 165 2769 rum
184 2721 349 2786 reliquiarum
366 2723 425 2773 loco
444 2720 582 2790 desperato
600 2720 735 2772 retinenda
754 2722 830 2773 erit
822 2738 848 2772 1u
867 2727 989 2773 contextu
1004 2721 1083 2775 lectio
1095 2724 1164 2775 Cod.

109 2789 194 2845 Vatia.
213 2807 252 2859 pr.
270 2809 351 2861 qaam
371 2801 480 2861 raptum
498 2792 533 2842 iri
551 2791 659 2842 licata
678 2808 759 2862 quam
778 2790 880 2842 audeas
906 2801 964 2842 tam
993 2791 1079 2842 videri
1090 2793 1163 2861 feli-

108 2875 170 2912 cesa.
189 2887 223 2899 -
250 2862 272 2928 5.
286 2866 328 2914 13.
346 2862 384 2912 ad
399 2861 530 2931 papulam
547 2863 697 2911 Romanum
717 2888 752 2900 -
772 2889 806 2899 -
829 2860 1091 2914 circumveniendum
1115 2881 1165 2934 pro

108 2929 168 2983 lect.
187 2933 271 2984 Vatic.
290 2948 329 3000 pr.
348 2933 386 2982 ad
403 2930 606 3001 rempublicam
624 2959 661 2971 -
679 2960 715 2971 -
733 2930 1000 2985 circumveniendam.

180 3019 287 3072 ORAT.
304 3020 473 3072 PHILIPPI.
499 3021 520 3085 5.
533 3023 559 3071 2.
576 3018 671 3088 tegitis
688 3035 736 3088 pro
755 3018 858 3088 regitis.
870 3020 979 3087 -5,7
995 3028 1079 3073 tanta
1087 3023 1164 3074 mala

108 3103 156 3155 pro
174 3088 282 3140 intenta
300 3090 436 3143 mala.·-
454 3091 476 3157 5
494 3095 536 3143 ll.
554 3089 675 3141 artabat
694 3106 741 3158 pro
759 3087 902 3143 utilibet.

180 3177 288 3229 ORAT.
308 3177 462 3231 COTTAE.
488 3178 548 3258 5..ss
568 3187 599 3228 at
616 3177 673 3228 sine
692 3193 739 3246 pro
756 3176 801 3228 uti
816 3175 883 3230 sine.
899 3177 976 3245 -5.
988 3181 1016 3236 4.
1028 3186 1165 3232 aemonae

108 3259 156 3313 pro
174 3247 218 3294 uti
235 3257 381 3299 manet.—
405 3248 500 3300 lbidst
489 3248 595 3316 ingenio
613 3264 661 3315 pro
678 3249 707 3299 in
724 3247 806 3299 senio

179 3330 295 3384 EPlsT.
313 3332 462 3385 POMPEI.
490 3333 511 3398 5.
526 3337 551 3385 3.
570 3333 748 3383 Lacetaniam
766 3349 815 3402 pro
833 3331 1016 3392 Laletaniam.
1034 3361 1070 3376 ·-
1095 3336 1118 3433 5
1137 3340 1164 3390 4.

108 3400 234 3452 civitates
252 3400 325 3452 altra
345 3418 392 3467 pro
411 3401 537 3452 civitates
544 3419 640 3472 ,quae
659 3402 739 3458 altro.

181 3490 291 3544 OliAT.¹
316 3490 442 3544 Mlcm.
475 3490 537 3558 5..]
556 3489 715 3560 docendique
740 3505 788 3557 pro
814 3489 1072 3571 docendumqueu-
1099 3438 1163 3558 5,3,

110 3572 141 3612 ul
158 3561 295 3628 praesides
312 3578 361 3630 pro
380 3561 423 3613 uti
437 3560 637 3630 praesidea—
600 3563 683 3630 -·.5
697 3566 722 3614 6.
741 3559 882 3633 gravitate
898 3577 947 3630 pro
961 3560 1107 3631 probitate.
1127 3591 1163 3601 -

108 3633 129 3698 5.
147 3637 173 3684 8.
193 3642 225 3682 ut
242 3632 298 3683 illis
317 3649 364 3702 pro
382 3632 424 3683 uti
442 3632 505 3686 illis.
1086 3669 1089 3675 ·

179 3720 294 3772 EPIST.
319 3720 571 3775 MITHRIDATIS.
597 3722 618 3788 5·
638 3725 661 3773 l.
689 3737 747 3771 cam
771 3717 844 3771 bonis
868 3718 926 3772 tuis
949 3735 998 3788 pro
1025 3737 1086 3771 cum
1104 3721 1163 3773 tuis

110 3789 192 3844 bonis.
210 3819 246 3831 —
265 3791 286 3857 5.
299 3793 324 3844 4,
343 3800 375 3841 ut
394 3791 457 3842 meis
475 3809 523 3861 pro
543 3792 585 3843 uli
603 3792 674 3844 reseis.
