2536 4590
527 209 772 263 -xv-

12 367 16 376 ¹
83 399 138 453 aut
174 375 388 478 recipiendas
411 365 516 449 ¹“duco
554 393 613 449 aut
650 395 745 478 aptas
778 377 894 450 saltem
939 375 984 449 ad
1016 377 1216 451 sententiam

20 590 22 594 ,
82 510 257 610 scriptoris
283 507 502 580 obscuratam
528 506 805 598 dilucidandam,
826 504 1005 580 collocatae
1029 525 1115 581 sunt.

184 714 310 789 Velleio
331 742 439 814 porro
461 716 621 794 subiunxi
648 715 799 813 Salustii,
819 716 989 788 orationes
1019 733 1117 817 atque
1144 719 1214 818 epi-

80 847 182 922 stolas
206 875 245 919 ex
275 845 494 919 historiarum
517 847 614 922 libris
636 846 838 949 deperditis,
866 873 1040 946 expressas
1056 877 1074 921 e
1090 849 1215 922 Codice

80 979 243 1051 Vaticano
274 979 314 1049 N.
333 976 443 1050 3864.
469 978 541 1052 Sec.
560 999 594 1051 x.
629 982 760 1053 summa
786 977 853 1051 fide
878 976 962 1050 mibi
998 979 1168 1080 descripto
1194 1008 1213 1052 a

81 1105 265 1177 Theodoro
289 1105 421 1208 Heyse,
447 1107 519 1179 viro
545 1108 748 1183 amicissimo
772 1127 805 1182 et
825 1106 1081 1182 officiosissimo.
1105 1108 1212 1182 Vide-

62 1235 160 1308 licet
185 1262 260 1308 cum
282 1232 374 1308 hunc
404 1236 494 1309 inter
514 1266 631 1310 omnes
656 1237 756 1337 longe
781 1238 946 1339 optimum
965 1266 1038 1311 esse
1060 1266 1212 1339 comper-

82 1382 153 1436 tum
179 1362 342 1451 habeam,
368 1366 517 1467 optabile
545 1367 744 1458 videbatur,
776 1385 815 1440 ut
847 1368 984 1440 taudem
1010 1367 1211 1441 11118111-

81 1497 135 1569 stii
161 1495 381 1599 amatoribus
396 1494 540 1570 fideliter
574 1499 887 1572 communicaretur.
938 1498 1116 1570 Praeterea
1143 1496 1210 1571 cla-

79 1628 203 1700 riorem
230 1627 330 1699 etiam
356 1653 459 1726 quam
485 1625 602 1699 Velleii
631 1627 745 1701 Codex
768 1626 906 1727 praebet
935 1629 1060 1702 criticis
1088 1628 1208 1728 imagi-

23 1825 27 1830 .
79 1784 156 1828 nem
184 1755 341 1828 codicum
365 1755 566 1827 Latinorum
594 1756 840 1855 antiquiorum,
866 1754 1143 1856 depravationum
1172 1757 1208 1830 in

79 1885 199 1984 primis
216 1884 341 1984 quibus
354 1884 468 1956 referti
489 1902 585 1972 sunt,
611 1885 674 1971 ita,
694 1901 731 1955 ut
754 1882 980 1956 adolescentes
1000 1886 1210 1984 praesertim,

79 2034 178 2114 atque
202 2015 301 2095 etiam
318 2014 562 2113 provectiores,
585 2014 644 2115 qui
669 2011 846 2086 codicibus
864 2012 913 2086 uti
941 2012 1008 2113 ipsi
1031 2043 1101 2088 non
1125 2044 1207 2116 pos-

79 2163 179 2239 sunt,
195 2174 257 2246 per
277 2162 383 2217 totum
400 2142 491 2216 hunc
511 2142 636 2215 librum
654 2169 771 2216 eorum
785 2142 894 2215 instar
912 2142 1093 2234 inveniant,
1110 2145 1205 2220 cuius

80 2305 144 2375 ope
171 2305 206 2348 se
238 2277 282 2348 ad
306 2272 537 2349 emendandos
567 2301 607 2346 ex
633 2270 826 2347 coniectura
858 2271 995 2347 Latinos
1022 2275 1203 2376 scriptores

79 2405 200 2477 sedulo
223 2421 432 2506 praeparent.

178 2621 219 2693 In
240 2619 331 2692 omni
357 2634 468 2694 autem
493 2617 557 2690 hac
590 2644 692 2705 cura,
714 2634 751 2690 ut
775 2617 811 2690 in
835 2616 927 2707 aliis,
956 2601 1080 2719 mag'no
1102 2648 1203 2719 opere

79 2750 214 2822 adiutus
230 2776 304 2821 sum
322 2750 484 2822 aBaitero
497 2778 583 2839 meo,
590 2748 652 2850 qui
661 2746 840 2845 vigilanter
853 2764 952 2845 atque
967 2749 1206 2837 amantissime,

79 2907 301 2980 quaecunque
315 2878 527 2978 scripseram,
543 2880 752 2969 examinavit,
768 2880 969 2980 priusquam
984 2875 1096 2976 operis
1110 2905 1203 2950 com-

79 3012 297 3084 mitterentur.
325 3009 496 3109 Sauppius
520 3008 599 3084 item
621 3027 654 3083 et
677 3007 831 3083 Halmius
862 3005 1065 3082 amicissimo
1090 3008 1203 3081 animo

79 3171 132 3216 me
155 3144 321 3216 iurarunt.

179 3357 220 3428 D.
248 3356 362 3430 Turici
389 3353 462 3428 Kal.
484 3354 662 3430 Novembr.
688 3371 950 3428 MDCCCXXXIV.
