2536 4590
463 159 722 234 „25-

69 352 106 415 lis
127 350 286 433 sanguinis
307 350 547 434 gladiorumque
576 346 771 431 impunitatis
790 347 862 412 fuit.
908 347 985 412 inde
1009 349 1059 412 ius
1089 349 1123 415 ri

68 458 219 516 obrutum
236 457 462 538 potentiorque
478 454 604 516 habitus
627 453 732 533 prior:
754 449 1123 541 discordiaequsucivium

68 570 159 617 antea
181 557 418 619 condicionibus
442 557 546 620 sanari
569 557 678 625 solitae
698 557 783 617 ferro
805 553 1005 633 diiudicatae,
1024 558 1123 618 bella·

34 678 52 725 4
71 679 132 738 que
154 679 221 718 non
242 659 341 721 causis
361 661 453 738 inita,
478 659 532 721 sed
552 671 650 740 prout
664 678 774 719 eorum
787 679 906 719 merces
918 658 989 721 fuit.
1030 655 1124 732 Quod

67 759 147 818 haut
166 760 279 820 anirum
301 774 356 825 est.
398 762 474 823 Non
495 761 579 822 enim
600 760 646 821 ibi
667 760 843 823 consistunt
861 763 1015 842 exempla,
1036 758 1145 821 unde⁵

67 876 255 941 coeperunt,
288 863 341 926 sed
375 866 546 947 quamlibet
581 863 615 923 in
647 873 775 923 tenuem
808 876 932 944 recepta
968 864 1126 924 tramitem

64 964 213 1026 latissime
235 966 386 1044 evagandi
406 968 465 1027 sibi
493 966 577 1029 viam
605 965 738 1042 faciunt,
772 978 803 1026 et
823 966 885 1027 'ubi
913 967 1010 1027 semel
1036 977 1124 1027 rectu

69 1063 248 1125 deerratum
264 1080 320 1144 est,
341 1068 377 1127 in
396 1089 545 1148 praeceps
565 1069 766 1148 perveniturt
794 1090 851 1130 nee
874 1069 1041 1153 quisquam
1063 1068 1124 1131 sibi

70 1178 162 1245 putat
182 1180 292 1247 turpe,
317 1168 404 1251 quod
424 1170 478 1228 aiii
498 1170 560 1229 fuit
580 1171 787 1232 fructuosum.

34 1282 52 1332 l
156 1269 212 1331 IV.
253 1271 397 1347 Interim,
420 1269 495 1332 dum
516 1273 594 1332 haec
614 1271 649 1332 in
671 1271 760 1331 Italia
780 1283 951 1349 geruntur,
970 1272 1160 1333 Aristoni-¹0

67 1391 138 1447 cus,
164 1373 220 1453 qui
240 1386 368 1436 mortuo
387 1395 459 1452 rege
484 1373 605 1451 Attalo,
626 1395 645 1433 a
667 1394 732 1455 quo
750 1373 825 1434 Asia
845 1373 880 1432 P.
903 1373 941 1434 R.
959 1372 1125 1434 hereditati

64 1475 173 1534 relicta
194 1488 275 1552 erat,
300 1479 380 1538 sicut
398 1479 506 1540 relicta
527 1490 635 1556 postea
656 1488 701 1538 est
723 1498 741 1536 a
763 1474 934 1537 Nicomede
963 1475 1122 1555 Bithynia,

64 1578 213 1636 mentitus
234 1579 337 1656 regiae
366 1580 470 1658 stirpis
492 1580 643 1658 originem
680 1579 773 1640 armis
800 1599 870 1638 eam
900 1590 1121 1658 occupaverat3

63 1677 91 1738 is
114 1680 215 1740 victus
237 1703 256 1741 a
276 1682 322 1742 M.
341 1683 508 1762 Perpenna
529 1680 704 1762 ductusque
730 1680 765 1741 in
793 1681 972 1759 triumpho,
1007 1693 1054 1741 set
1076 1681 1122 1741 M.

63 1782 213 1862 Aquilio,
238 1784 337 1863 capite
369 1804 488 1864 poenas
513 1782 616 1860 dedit,
652 1802 724 1842 cum
753 1781 843 1843 initio
871 1782 947 1842 belli
976 1779 1122 1842 Crassum
1131 1795 1157 1834 1⁵

63 1885 263 1960 Mucianum,
287 1887 391 1948 virum
412 1886 490 1946 iuris
514 1864 768 1959 adientissimum,
793 1880 992 1944 decedentem
1011 1905 1050 1944 ex
1063 1885 1124 1946 alia

29 1989 287 2068 2proconsulem
305 1988 522 2049 interemisset.
562 1987 604 2048 Et
623 1988 660 2048 P.
688 1985 792 2066 Scipio
824 1986 990 2048 Africanus
1019 1987 1124 2050 Aemi·

62 2093 182 2167 lianus,
202 2091 258 2173 qui
279 2091 499 2169 Carthaginem
520 2087 696 2165 deleverat,
718 2101 790 2169 post
814 2101 860 2150 tot
882 2101 1020 2168 acceptas
1032 2089 1123 2149 -circa

62 2193 267 2256 Numantiam
300 2193 402 2256 clades
442 2205 564 2255 creatus
606 2193 722 2252 iterum
755 2188 845 2253 COS.
878 2191 1054 2272 missusque
1087 2190 1122 2249 in

63 2296 250 2378 Hispaniam
271 2299 416 2358 fortunae
435 2297 607 2379 virtutique
629 2306 776 2376 expertae
802 2294 838 2354 in
859 2294 966 2354 Africa
991 2311 1159 2373 respon-so

64 2397 110 2458 dit
131 2396 170 2459 in-
189 2399 351 2479 Hispania.
394 2401 436 2461 Et
454 2401 538 2462 intra
557 2421 675 2461 annum
697 2420 732 2460 ac
754 2399 811 2459 tris
832 2417 955 2457 menses
972 2416 1066 2477 quam
1084 2415 1122 2457 eo

62 2513 195 2562 venerat
235 2500 457 2567 circumdatam
498 2505 646 2585 operibus
679 2500 883 2564 Numantiam
923 2498 1122 2579 excisamque

30 2606 214 2685 dasquavit
234 2608 314 2667 solo.
357 2629 414 2667 nec
438 2608 604 2690 quisquam
626 2607 720 2668 ullius
742 2603 841 2684 gentis
864 2601 1029 2664 hominum
1051 2613 1122 2662 ante

64 2726 138 2766 eum
162 2707 288 2769 clariori
309 2710 436 2770 urbium
456 2707 579 2770 excidio
600 2729 717 2769 nomen
739 2726 832 2767 suum
851 2717 1021 2787 perpetuae
1038 2723 1123 2765 com·

61 2806 221 2872 mendavit
235 2812 416 2873 memoriae.
442 2813 576 2894 .quippe
598 2812 702 2874 excisa
721 2808 906 2886 Carthagine
928 2828 963 2866 ac
975 2806 1159 2868 Numan-as

63 2913 106 2971 tia
127 2912 166 2971 ab
190 2913 316 2974 alterius
344 2935 403 2976 nos
431 2929 532 2993 metu,
566 2915 693 2976 alterius
718 2909 888 2974 vindicavit
916 2909 1124 2970 contumeliis.

10 3013 125 3079 '4Hic
158 3034 229 3074 eum
263 3016 475 3094 interrogante
505 3018 634 3078 tribuno
671 3014 831 3085 Carbone,
864 3012 940 3094 quid
975 3011 1012 3072 de
1049 3012 1121 3074 Tib.

62 3115 197 3176 Gracchi
218 3114 311 3178 caede
333 3120 476 3196 sentiret,
497 3118 677 3200 respondit:
708 3116 742 3177 Si
770 3117 797 3178 is
820 3112 1019 3196 occupandae
1044 3112 1122 3192 reip.

135 3274 181 3322 10.
198 3272 359 3324 Aristonicus
384 3273 487 3339 quidam
512 3280 615 3329 mortuo
660 3275 703 3326 ll.
722 3269 866 3324 hereditate
911 3272 954 3321 ts.
973 3274 1048 3320 seta
1075 3266 1122 3320 Μ’·

62 3342 170 3408 Aquilio
206 3347 250 3398 16.
268 3345 331 3395 Asia
366 3348 410 3398 24.
428 3346 538 3399 clariore

98 3449 124 3496 ³.
150 3454 232 3496 antea
258 3446 465 3516 conditionibus]
495 3450 572 3504 Ablt.
645 3451 688 3501 14.
707 3457 748 3499 set
768 3450 808 3501 M.
828 3445 955 3516 Aquilio]
974 3448 1048 3500 APb.
1077 3446 1126 3496 sed

57 3524 126 3567 ante
144 3533 161 3563 a
176 3516 370 3569 conditionibus
390 3520 422 3572 P.
608 3522 683 3571 aM’.
694 3519 904 3591 Aquiliohldus.
913 3517 962 3567 sed
974 3520 1024 3569 Μ’.
1033 3515 1124 3588 Aqui·

96 3591 123 3637 8.
141 3585 193 3636 sibi
208 3589 304 3655 putot]
323 3589 423 3644 noba.
437 3599 524 3659 putat
539 3594 572 3648 P.
606 3590 643 3641 lio
662 3591 697 3641 R.

96 3661 141 3707 10.
169 3658 358 3725 Aristonicus,
384 3661 431 3742 qui
456 3665 571 3730 mortuo]
644 3665 686 3712 16.
704 3659 772 3726 alia]
792 3661 823 3712 A.
842 3657 913 3709 Asia
931 3659 1008 3711 Pblt.

56 3727 142 3780 APR.
158 3728 330 3780 Aristonicus
345 3731 573 3854 qusdarssnwrtuo
642 3752 687 3800 21,
708 3746 747 3813 [in
767 3747 917 3815 Hispania]
937 3745 1068 3798 Heinsius.
1087 3745 1123 3797 R.

56 3800 91 3852 0.
112 3798 234 3878 (quidam
252 3803 328 3853 elicui
348 3802 424 3873 eqni
467 3804 485 3869 .)
503 3802 572 3854 An·-
643 3840 688 3888 21·
707 3833 770 3900 tris]
797 3839 827 3888 A·
847 3834 913 3886 treis
937 3833 986 3885 Pb.
1011 3841 1066 3881 m,
1087 3832 1123 3882 R,

54 3879 179 3921 atomcus
197 3881 302 3922 mortuo
321 3873 346 3925 b.
567 3896 572 3908 ‘

94 3944 139 3992 11.
159 3941 315 4010 hereditati]
333 3945 406 4009 th.
426 3942 575 3994 hereditas,
644 3928 688 3976 24.
715 3921 833 3988 clariori]
871 3922 969 4006 thR:
1010 3915 1123 4001 clariore

54 4012 150 4066 didus.
169 4012 206 4066 R.
609 3996 701 4047 Butes.
718 3991 913 4057 (amerbachius
928 4003 1038 4057 primum
1057 4005 1122 4042 scn-

93 4085 574 4151 13.οσεαρανιγαὶμΡΒ,οςςιψαη),
611 4072 698 4133 pserat
716 4063 878 4127 cleriorum.)

92 4157 136 4208 ts.
149 4156 303 4224 Perpenna]
316 4157 387 4210 st.
396 4159 532 4224 Perperna
539 4155 574 4208 R·
645 4157 692 4206 ut.
712 4145 785 4217 Tios
805 4149 882 4203 Ab&
900 4148 990 4202 Μ,
