2536 4590
515 221 562 233 -
615 130 711 249 aaa
750 219 797 231 -

134 388 243 432 eorum
262 368 408 432 iuventus
428 363 550 426 infinito
572 382 724 440 numero,
740 362 890 424 immensa
906 364 1101 446 corporibus,
1120 342 1212 426 sit*j

132 472 273 533 locorum
295 469 479 531 tutissimam
500 464 621 555 traditis
645 466 738 526 armis
770 486 834 526 una
864 487 935 527 cum
960 466 1091 530 ducibus
1118 444 1214 528 sui?

133 586 240 654 saepta
261 572 393 651 fulgenti
414 584 594 651 armatoque
616 568 750 629 militum
771 580 952 630 nostrorum
973 574 1095 648 agmine
1114 573 1200 630 anto

100 676 331 756 2imperatoris
352 674 518 755 procubuit
539 672 689 733 tribunal.
733 671 838 732 Fracti
863 671 1080 750 Langobardi,
1111 689 1177 751 gene

135 780 228 838 etiam
244 777 399 838 Germana
420 774 540 835 feritate
562 774 706 834 ferocior.
749 773 896 854 Denique
920 772 1005 854 quod
1022 772 1218 856 uunquam&

136 893 226 941 autea
247 900 300 960 epe
326 891 529 957 conceptum,
552 875 668 936 nedum
693 895 787 954 opere
817 888 1001 956 temptatum
1033 888 1122 951 erat,
1145 872 1182 936 ad

136 980 472 1063 quadringentesimum
503 977 672 1038 miliarium
701 999 717 1036 a
739 976 863 1039 'Rheno
886 999 987 1060 usque
1009 977 1048 1039 ad
1069 978 1184 1040 flumen

135 1084 259 1160 Albim,
284 1086 338 1164 qui
359 1082 520 1144 Senonum
541 1075 860 1160 Hermundurumque
884 1081 961 1142 fines
984 1080 1187 1161 praeterfluit,

100 1180 293 1247 3Romanus
314 1206 385 1246 cum
406 1184 499 1261 signis
520 1180 689 1263 perductus
711 1183 874 1244 exercitus.
916 1184 956 1244 Et
978 1181 1091 1244 eodem
1109 1183 1189 1246 mira

133 1289 278 1349 felicitate
308 1300 339 1347 et
375 1309 450 1348 cura
480 1285 585 1364 ducis,
613 1299 789 1365 temporum
819 1305 946 1366 quoqne
978 1286 1220 1360 observantiam

135 1391 259 1466 classis,
284 1410 363 1471 quae
387 1385 503 1451 Oceani
525 1387 837 1466 circumnavigaverat
859 1389 964 1463 sinus,
986 1390 1025 1449 ab
1045 1388 1190 1453 inaudito

136 1504 228 1573 atque
250 1491 407 1569 incognito
440 1503 510 1550 ante
536 1491 629 1550 maris
656 1490 784 1551 flttmine
805 1490 869 1550 labi
893 1492 1055 1568 subvecta,
1091 1493 1192 1574 pluri·

134 1612 256 1652 marum
277 1592 415 1672 gentium
434 1593 652 1657 victoriacum
675 1591 940 1655 abundantissima
958 1613 1069 1656 rerum
1089 1596 1193 1659 omni·

134 1715 189 1755 unt
213 1697 303 1776 copia
325 1696 476 1756 exercitui
497 1695 700 1777 Caesarisque
722 1716 755 1756 se
778 1695 891 1755 iunxit.

102 1813 118 1863 1
221 1798 317 1860 CVII.
359 1798 434 1860 Non
455 1813 594 1880 tempero
612 1800 707 1875 mihi,
728 1799 804 1880 quin
823 1809 926 1858 tantae
945 1817 1054 1858 rerum
1070 1799 1224 1878 magni-a

135 1900 237 1962 tudini
257 1903 333 1978 hoc,
366 1903 582 1983 qualecunque
605 1914 671 1978 est,
705 1901 850 1962 inseram.
882 1898 980 1962 .Cum
1012 1901 1196 1964 citeriorem
1227 1932 1233 1941 ·

135 2004 236 2084 ripam
258 2002 407 2083 praedicti
430 2002 568 2063 fluminis
589 1998 695 2063 castris
725 2022 960 2084 occupassemus
985 2015 1015 2064 et
1040 2005 1196 2065 ulteriora

135 2118 254 2168 armata
282 2107 420 2167 hostium
448 2106 562 2168 virtute
595 2108 724 2184 fulgeret
758 2108 816 2166 sub
847 2126 971 2167 amarem
1003 2117 1195 2188 motumque

134 2222 312 2271 nostrarum
333 2208 462 2270 navium
485 2209 629 2290 protinus
649 2208 870 2287 refugientium
895 2228 976 2269 unus
1005 2227 1021 2266 e
1046 2204 1193 2270 barbaris

134 2321 232 2369 aetate
248 2310 366 2385 senior,
389 2331 520 2390 corpore
539 2313 711 2389 excellens,
729 2309 891 2390 dignitate,
913 2322 1067 2392 quantum
1085 2324 1227 2375 ostento

134 2408 227 2469 debat
250 2411 357 2487 cultus,
380 2411 519 2472 eminens
541 2425 700 2491 cavatum,
722 2426 756 2474 ut
779 2414 840 2474 illis
862 2433 929 2474 mos
952 2424 1006 2489 est,
1029 2434 1070 2473 ex
1091 2428 1195 2479 mate·

135 2513 182 2573 ria
205 2511 383 2574 conscendit
408 2515 530 2576 alveum
563 2516 710 2597 solusque
739 2514 772 2575 id
804 2516 918 2594 navigii
946 2535 1043 2594 genus
1065 2528 1195 2598 tempa-

135 2636 208 2676 rans
232 2616 271 2678 ad
293 2617 430 2678 medium
461 2619 614 2698 processit
645 2617 782 2678 fluminis
806 2630 836 2679 et
857 2620 963 2698 petiit,
993 2618 1104 2680 liceret
1131 2620 1195 2681 sibi

134 2719 201 2781 sine
229 2721 368 2802 periculo
390 2720 424 2779 in
452 2729 539 2797 eam,
571 2741 665 2802 quam
699 2721 790 2781 armis
824 2719 1047 2796 tendebamus,
1083 2718 1193 2799 egredi

101 2823 235 2903 2ripa1n
259 2846 293 2884 ac
314 2823 420 2887 videre
443 2822 618 2886 Caesarem.
661 2825 744 2885 Data
765 2824 882 2904 petenti
904 2823 1044 2882 facultas.
1093 2816 1226 2885 ¹Tumas

138 2924 268 3006 adpulsa
290 2927 384 2986 lintre
407 2939 438 2987 et
461 2927 515 2988 diu
537 2930 646 2990 tacitus
670 2928 892 3007 contemplatus
916 2922 1100 3003 Caesarem,
1120 2923 1193 2988 No·

209 3071 234 3116 t.
254 3066 351 3118 infinita
386 3071 413 3122 2.
432 3071 560 3121 tutissima
596 3074 622 3121 8.
640 3072 798 3123 Semnonum
816 3065 1108 3132 Hermundurorumqne
1144 3071 1192 3122 1².

137 3137 200 3188 mari
220 3139 323 3189 flumine
343 3139 402 3190 Albi
441 3144 483 3192 tt.
503 3141 660 3207 Caesarique
696 3146 738 3193 lt.
758 3140 866 3191 ulterior
891 3145 989 3189 armata
1015 3137 1128 3191 bostium
1147 3139 1194 3191 in-

136 3213 240 3257 ventute
261 3212 301 3258 18.
315 3209 363 3259 snb
383 3226 482 3262 omnem
495 3246 578 3264 .....
598 3220 746 3278 motumque
765 3215 809 3262 24.
825 3210 974 3261 tenebamus
991 3211 1035 3261 26.
1054 3209 1132 3262 lintre
1145 3210 1193 3263 diu

173 3335 197 3385 t.
216 3330 334 3398 infinita]
355 3335 386 3386 A.
405 3333 516 3403 infinita
533 3337 610 3390 Pbtt.
718 3343 760 3389 te.
779 3336 892 3404 virtute]
910 3339 941 3390 A.
957 3336 1100 3388 iuventute
1111 3338 1192 3394 PbR.

170 3406 196 3454 2.
215 3403 645 3471 tutissimam]A.tutissimanR.
719 3413 761 3460 18.
780 3410 845 3460 Post
864 3425 962 3459 ornnem
987 3408 1113 3461 Buretitta
1130 3425 1192 3464 tott-

171 3477 195 3526 4.
214 3473 397 3544 Larrgobardr]
425 3478 503 3532 Bon.
538 3481 645 3549 Longo-
680 3479 824 3543 excidisse,
842 3479 911 3531 aliud
925 3480 951 3530 iu
970 3494 1002 3530 eo
1022 3481 1105 3533 latere
1116 3487 1193 3535 ratur

135 3544 213 3596 bardi
230 3546 284 3598 ΑΡ.
680 3559 721 3603 est
734 3549 911 3602 Ruhnkenltts.
929 3550 1040 3614 (motum
1053 3549 1080 3600 b·
1093 3568 1194 3622 agmen

171 3621 196 3668 8.
215 3619 356 3685 Serranum]
383 3620 455 3675 APb.
488 3623 645 3673 Semnonum
680 3629 832 3691 motumque
855 3619 1006 3688 Laudorplt.
1036 3638 1111 3673 omen
1135 3638 1193 3673 me·

135 3689 276 3741 Puteanus.
293 3690 328 3741 R.
680 3703 791 3763 tuasque
815 3692 930 3755 Cludius.
958 3708 1051 3742 nomen
1059 3698 1193 3745 ‘notum-

169 3764 195 3810 8.
223 3758 503 3830 Ilermundorumque]
546 3762 644 3816 APbR.
680 3782 731 3835 pue
750 3764 878 3815 Walterns
897 3769 924 3814 et
944 3761 1075 3828 Baebius.)

135 3829 435 3899 Hermundurorumque
454 3833 548 3884 lttitter.
656 3879 660 3886 .
715 3838 758 3886 24.
785 3832 967 3900 tendebamus]
995 3834 1051 3887 ΑΒ.
1080 3831 1193 3887 tenem-

173 3902 215 3952 ta.
234 3900 326 3966 maris]
345 3904 377 3953 A.
396 3903 465 3950 rrtrrrt'
482 3903 557 3955 PbR.
681 3924 739 3956 ntus
758 3904 832 3958 PbR.

173 3974 213 4020 ta.
233 3969 298 4038 fabr]
317 3976 347 4024 A.
366 3969 432 4022 Albi
452 3973 526 4025 Pbtt.
717 3981 760 4028 25.
780 3975 848 4025 data
859 3974 1082 4043 parmatssbtt.
1095 3974 1193 4027 (laissa

172 4042 213 4090 tt.
234 4042 417 4114 Caesarisque]
438 4046 468 4095 A.
488 4046 647 4115 Caesarique
684 4051 795 4098 Caesare
800 4046 905 4114 petenti
913 4063 946 4098 ex
953 4047 1192 4117 interpatsttoael'.

136 4108 210 4160 Pblt.
491 4160 494 4167 .
718 4123 763 4171 26.
780 4128 807 4166 er
826 4117 884 4182 aba]
906 4119 1004 4172 arou.
1023 4118 1069 4171 dia
1089 4119 1193 4173 Vasco-

173 4184 214 4233 rt.
234 4178 375 4246 ulteriora]
396 4186 426 4236 A·
446 4184 558 4237 alter-iar
573 4186 649 4240 I’bll.
685 4205 769 4241 satam.
788 4188 913 4241 lleiouus.
