2536 4590
485 62 772 143 -tttt-

109 261 287 344 indulgente
318 257 410 323 nobis
443 256 588 329 somnne,
616 271 657 312 ne
686 263 836 333 occupato
864 249 976 316 ducem
1005 262 1035 314 et
1063 256 1199 314 caue?

76 381 244 448 zpcrsona
264 383 385 427 moram
412 358 516 438 exigit.
568 354 675 416 Varus
706 351 875 428 Quintilius
907 352 1033 415 inlustri
1060 349 1199 430 magi?

108 485 204 547 quam
233 463 332 528 nobili
367 473 453 525 ortus
482 455 616 535 familia,
650 454 701 518 vir
729 454 854 534 ingenio
886 455 988 532 mitis,
1018 452 1200 516 mariba?

110 568 254 651 quietus,
281 576 317 626 ut
350 582 498 644 corpore,
534 570 566 620 et
593 555 697 620 animo
728 555 935 632 immobilior,
967 553 1033 619 otio
1063 553 1184 630 magi!

110 680 281 732 castrorum
303 683 398 747 quam
419 662 546 724 bellicae
573 656 719 720 adsuetus
740 658 883 736 militiae3
904 656 1055 737 pecuniae
1082 671 1160 716 uero
1213 641 1217 676 ⁵

111 789 206 854 quam
226 788 292 830 non
313 775 523 843 contemptor,
546 759 656 842 Syria,
688 759 738 820 cui
769 759 963 839 praefuerat,
986 755 1173 832 declararit,

111 892 205 955 quam
225 887 347 951 pauper
368 865 497 927 divitem
521 863 679 942 ingressae
708 860 794 924 dives
825 879 997 940 pauperem
1028 857 1176 940 reliquit.

77 973 140 1034 911
164 989 234 1031 cum
259 967 425 1041 exercitui,
450 964 593 1046 quierat
617 963 652 1022 in
673 961 850 1038 Germania,
882 972 1063 1043 praeesset,
1090 979 1162 1020 con·

112 1071 194 1152 cepit
216 1089 282 1134 esse
303 1068 464 1142 homines,
486 1063 541 1147 qui
570 1062 650 1124 nihil
670 1074 796 1142 practer
821 1082 931 1126 vocem
961 1064 1162 1143 membraque

111 1175 263 1236 haberent
283 1170 464 1245 hominum,
486 1166 603 1249 quique
624 1163 733 1243 gladiis
763 1163 884 1226 domari
913 1184 978 1226 non
1007 1175 1161 1244 poterant,
1176 1163 1217 1211 1

79 1293 203 1357 eposse
223 1273 292 1332 iure
313 1269 453 1330 mulceri.
496 1266 568 1343 Qun
587 1266 750 1347 proposito
766 1264 901 1326 mediam
914 1264 1072 1344 ingressus
1086 1263 1163 1325 Ger·

111 1371 246 1436 maniam
267 1371 354 1433 velut
373 1371 456 1428 inter
482 1369 569 1430 uiros
592 1367 677 1448 pacis
709 1365 877 1445 gaudentes
904 1363 1068 1456 dulcedine
1088 1365 1163 1427 iuris

111 1469 297 1532 dictionibus
318 1467 500 1550 agendoque
514 1487 574 1548 pro
590 1468 741 1530 tribunali
755 1465 864 1529 ordine
884 1471 1026 1531 trahebat
1042 1469 1165 1532 aestiva.

79 1598 96 1646 1
197 1568 342 1634 CXVIII.
385 1570 425 1630 At
444 1569 507 1645 illi,
532 1565 619 1650 quod
640 1567 701 1630 nisi
721 1579 869 1650 expertus
890 1568 946 1631 vix
967 1565 1165 1646 credebat,in

113 1691 232 1734 summa
272 1670 395 1734 feritate
430 1669 633 1734 versutissimi
663 1682 834 1752 natumque
864 1667 1027 1733 mendacio
1059 1680 1217 1751 gennep

112 1775 292 1836 simulantes
315 1773 400 1834 fictas
421 1771 523 1831 litium
546 1771 640 1832 series
666 1782 697 1831 et
726 1791 810 1831 nunc
831 1783 993 1850 procataes
1021 1772 1101 1832 alter
1122 1772 1165 1832 al·

112 1889 214 1936 terum
234 1874 365 1950 iniuria,
385 1892 469 1933 nunc
488 1884 611 1952 agentes
633 1856 744 1952 gratias
755 1916 764 1950 ,
787 1872 873 1954 quod
894 1894 930 1935 ea
952 1872 1096 1934 Romana
1115 1873 1164 1934 iu·

113 1976 196 2038 stitia
215 1975 318 2038 finiret
338 1973 518 2055 feritasque
530 1995 587 2035 sua
609 1974 748 2038 novitate
779 1974 953 2052 incognitae
978 1962 1165 2054 llisciplinae

113 2089 296 2140 mutesceret
317 2088 349 2141 et
371 2075 463 2137 solita
490 2077 583 2138 arnus
607 2075 741 2139 discerni
760 2075 829 2135 iure
853 2075 1113 2152 terminarentur,
1131 2075 1164 2135 in

113 2194 265 2235 summam
288 2173 462 2239 socordiam
484 2174 662 2254 perduxere
693 2173 897 2250 Quintilium,
929 2194 1029 2257 usque
1053 2195 1111 2252 eo,
1131 2184 1217 2235 uta·

113 2293 145 2334 se
167 2286 343 2353 praetorem
364 2276 521 2335 urbanum
542 2280 577 2337 in
601 2279 672 2339 foro
691 2277 741 2338 ius
762 2275 881 2352 dicere,
904 2296 969 2338 non
992 2275 1027 2336 in
1055 2258 1166 2338 mediis

79 2375 298 2441 2Gsrmaniae
320 2374 435 2438 finibus
462 2377 613 2442 exercitui
636 2399 779 2461 praeesse
809 2376 959 2441 crederet.
1000 2378 1086 2440 Tum
1117 2379 1168 2440 iu·

183 2547 210 2596 l.
228 2559 261 2597 ne
279 2551 407 2615 occupato
426 2545 493 2600 duce
585 2544 640 2600 Sed
666 2550 694 2598 et
718 2559 796 2597 cauea
813 2548 841 2595 et
859 2556 969 2611 persona
1012 2544 1056 2596 14.
1075 2543 1168 2598 eredat

111 2617 155 2670 16.
173 2621 344 2684 provocantes
380 2621 425 2670 19.
442 2633 490 2671 sus
507 2618 635 2671 suavitate
672 2619 715 2669 19.
733 2616 881 2668 mitesceret
924 2617 967 2666 19.
987 2611 1097 2666 decerni

147 2759 173 2810 l.
193 2755 284 2808 ducem
302 2767 331 2809 et
349 2760 444 2826 causa]
463 2761 518 2813 ΔΡ.
543 2760 620 2826 (duce
690 2761 733 2810 13.
749 2757 781 2810 V.
801 2754 891 2807 ordine
914 2755 1019 2823 LipsIu,
1048 2755 1171 2816 Heinsio,

32 2850 35 2855 ‚
110 2829 277 2894 etecusab.)
288 2828 353 2878 duce
440 2831 526 2880 Sedet
535 2848 621 2882 causa
654 2827 809 2880 Ruhnkeniu
827 2832 975 2894 suspectum
988 2833 1061 2879 recte
1081 2831 1171 2895 expli-

113 2895 147 2946 0.
166 2895 232 2947 duce
250 2931 306 2951 ....
324 2899 378 2948 Sed
403 2917 488 2950 causa
505 2902 619 2968 Lipsius.
654 2898 964 2960 eavltKrause‚scIIIcet
979 2903 1033 2949 ests
1048 2899 1172 2952 sollemni

112 2964 251 3033 (occupato
259 2967 326 3018 duce
335 2967 363 3019 in
373 2966 535 3021 debellandis
544 2975 619 3023 Pan·
654 2969 805 3020 iudiclorum
823 2966 921 3020 more.''
1052 2970 1056 2975 '

111 3034 198 3113 neniis
227 3036 340 3088 victores
374 3039 499 3090 Germani
528 3040 563 3091 iis
592 3058 620 3091 se
691 3041 733 3088 14.
754 3034 886 3102 credebat]
906 3035 978 3089 de.
1004 3035 1173 3091 011111111ιὶ-

112 3107 619 3244 coaluitnglzetlzmiztgquogzlx·)fflh]
655 3122 735 3228 pald:
751 3107 904 3242 yldbcalaes]
922 3176 955 3228 B.
980 3174 1043 3238 (nott
1068 3138 1172 3245 procot

110 3241 209 3294 APbR.
227 3239 310 3294 nobili
325 3260 368 3292 me
388 3243 412 3294 is
425 3262 506 3314 quem
518 3245 622 3297 illustri
657 3261 720 3308 aes,
736 3252 766 3296 ut
785 3252 826 3296 est
838 3245 907 3312 apud
924 3243 1041 3311 Ruunt.)
1067 3263 1172 3313 provo·

109 3310 213 3364 Ruhnl.
242 3313 339 3365 Verum
350 3262 468 3365 illustris
481 3322 544 3380 erat,
556 3331 621 3381 qua·
657 3324 748 3365 cantes
770 3317 846 3367 A..in
864 3321 1003 3380 contextu,
1026 3316 1076 3367 sed
1093 3315 1172 3381 dele?

108 3388 184 3435 tenus
208 3383 329 3451 patricia,
361 3381 456 3437 nobilis
480 3385 571 3437 fuisset
597 3387 620 3439 si
656 3389 719 3435 lum.
754 3385 867 3437 'lumin
891 3401 989 3451 marga
1015 3402 1172 3454 „procem
1199 3430 1204 3437 .

107 3455 181 3506 multi
200 3455 317 3510 Quintilii
340 3453 451 3507 honores
468 3457 619 3522 gessissent.
655 3455 682 3506 io
700 3455 865 3523 exemplari?
907 3456 974 3507 Item
987 3465 1172 3523 provocantes

144 3527 171 3578 4.
189 3533 216 3574 et
235 3525 335 3588 enimc]
353 3527 452 3579 APbR.
470 3526 513 3576 ita
530 3527 619 3579 enims
655 3525 772 3590 inmarg·
784 3525 991 3578 Rhenanusbli.
999 3528 1169 3593 precoeesP.

107 3595 248 3647 Acidaliae.
285 3594 407 3647 Defendit
424 3595 489 3650 Cod.
502 3599 615 3667 scriptu·
691 3601 734 3648 11.
753 3595 797 3660 ea]
811 3595 892 3647 emt.
910 3611 957 3645 ees
976 3595 1002 3647 b.

106 3679 161 3717 ram
177 3663 252 3717 fluct
268 3682 295 3732 p.
313 3667 339 3716 9.
687 3670 730 3716 ts.
748 3665 881 3730 novitate]
900 3665 999 3719 APin.
1024 3665 1169 3718 suavitate

140 3739 167 3786 8.
182 3734 301 3802 concepit
310 3751 367 3786 esse
376 3733 505 3801 hondnes]
516 3736 616 3790 Apelt.
649 3734 756 3788 Ruhnk.

106 3804 225 3871 concepit
241 3821 286 3857 ees
296 3804 412 3856 honum
425 3803 542 3858 Cludius.
554 3823 615 3859 een·
687 3810 731 3859 19.
749 3804 917 3870 mutesceret]
938 3804 994 3859 ΔΒ.
1014 3804 1168 3858 mitesceret

105 3871 176 3937 cepit
193 3891 265 3939 spem
282 3873 400 3926 domines
417 3875 546 3927 balterus.
649 3875 725 3929 Pin.
1055 3918 1061 3927 .

142 3943 185 3992 ts.
202 3942 271 3994 iuris
288 3942 460 4012 dictionibus]
478 3945 560 3998 divise
582 3946 613 4001 Δ.
687 3949 729 3997 19.
748 3943 871 4011 disseras]
883 3943 955 3999 Art.
969 3942 1076 3998 decerni
1090 3948 1166 4001 Gro-

106 4007 335 4066 iurs'sds'cts'onibue
352 4016 428 4070 Pbtt.
654 4016 753 4067 11011111·
772 4015 808 4067 R·
