2536 4590
479 164 758 253 --65-1

39 373 157 442 ttulit.
200 371 337 432 Absente
357 368 415 430 Gn.
437 367 589 449 Pompeio
619 369 657 432 T.
689 367 821 450 Ampius
849 379 882 431 et
904 368 943 432 T.
971 369 1130 436 Labeuius

71 475 149 537 trib.
170 472 256 554 pleb.
276 473 376 551 legem
396 470 552 547 tulerunt,
579 482 615 530 ut
636 471 662 531 si
679 468 761 532 ludis
787 470 985 536 Circensibus
1013 497 1130 539 corona

72 597 172 639 aurea
194 586 224 635 et
245 575 332 636 omni
353 575 438 635 cultu
460 573 719 653 triumphantium
742 586 900 653 uteretur,
921 577 1048 639 scenicis
1073 599 1129 639 au·
1156 566 1160 572 ¹

72 693 137 741 tem
158 687 322 757 praetexta
345 695 524 757 coronaque
546 696 652 738 aurea.
695 673 732 736 ld
759 675 812 735 ille
842 697 909 738 non
939 679 1012 758 plus
1034 701 1129 761 quam

71 781 186 850 semel,
212 791 242 840 et
266 779 326 839 hoc
351 798 425 840 sane
446 778 578 838 nimium
604 778 680 853 iuit,
702 799 856 858 usurpare
877 780 1034 842 sustinuit.
1058 781 1165 842 Hu·s·

71 885 123 946 ius
141 882 206 947 viri
224 881 383 960 festigium
404 881 499 941 tantis
530 881 673 941 auctibus
694 881 822 941 fortuna
847 882 977 957 extulit,
1006 896 1042 943 ut
1062 884 1128 963 pri·

71 1008 144 1048 mus
167 1006 209 1046 ex
229 984 353 1059 Africa,
374 983 489 1043 iterum
511 1002 552 1042 ex
568 981 718 1062 Europa,
740 981 833 1042 tertio
862 1003 902 1042 ex
922 982 997 1042 Asia
1016 984 1128 1044 trium·

71 1092 188 1170 pharet
208 1099 253 1162 et,
275 1097 354 1168 quot
376 1083 480 1165 partes
501 1097 658 1144 terrarum
682 1083 767 1144 orbis
790 1094 877 1159 sunt,
897 1082 1027 1145 totidem
1044 1085 1127 1146 face-

36 1203 123 1269 5rct
143 1198 346 1252 monumenta
367 1188 515 1248 victoriae
536 1205 621 1246 suae.
674 1184 856 1266 Numquam
888 1185 1053 1247 eminentia
1077 1188 1127 1247 in·
1232 1202 1253 1272 t·

70 1290 158 1355 vidia
179 1303 295 1352 carent.
339 1289 448 1371 Itaque
471 1302 501 1350 et
521 1287 693 1363 Lucullus,
715 1307 837 1348 memor
858 1299 963 1347 tamen
984 1302 1163 1369 acceptaem

70 1393 227 1469 iniuriae,
248 1386 278 1453 et
289 1392 437 1452 Metellus
452 1389 592 1452 Creticus
611 1409 678 1450 non
697 1389 812 1451 iniuste
835 1409 988 1470 querens,
1010 1374 1127 1474 quippe

71 1508 293 1557 ornamentum
312 1490 466 1574 triumphi
490 1494 557 1553 eius
578 1493 717 1572 captivos
748 1489 828 1552 duos
854 1491 1022 1572 Pompeius
1052 1496 1127 1556 sub·

69 1596 223 1674 duxerat,
254 1609 380 1658 etcum
414 1595 454 1656 iis
487 1615 561 1675 pars
593 1593 790 1673 optimatium
822 1595 1053 1673 refragabatur,
1085 1619 1126 1661 ns

69 1710 127 1762 aut
149 1698 304 1780 promissa
327 1698 502 1760 civitatibus
526 1682 719 1776 a'Pompeio
739 1707 794 1756 aut
814 1697 1013 1760 benemeritis
1033 1721 1125 1779 prae-

68 1802 135 1863 mia
159 1799 200 1862 ad
220 1801 385 1862 arbitrium
406 1800 472 1860 eius
503 1799 768 1878 persolverentur.
1107 1817 1160 1874 ‘1¹⁵

33 1931 52 1981 1
155 1903 242 1965 XLI.
286 1901 416 1963 Secutus
438 1899 550 1963 deinde
574 1912 619 1961 est
642 1898 819 1959 consulatus
841 1893 877 1957 C.
890 1895 1045 1975 Caesaris,
1069 1878 1126 1981 qui

68 2006 218 2068 scribenti
250 2023 379 2066 manum
406 2004 505 2064 iniicit
531 2014 562 2063 et
593 2001 766 2085 quamlibet
797 1999 996 2083 lesfinantem
1028 2002 1063 2062 in
1091 2023 1124 2064 se

68 2107 189 2171 morari
213 2107 303 2184 cogit.
344 2105 405 2166 Hic
436 2103 632 2166 nobilissima
662 2104 816 2163 Iuliorum
844 2103 965 2181 genitus
995 2105 1123 2184 familia,

68 2221 102 2270 et
122 2205 210 2292 quod
228 2209 312 2270 inter
333 2208 433 2270 omnis
454 2207 687 2291 antiquissimos
710 2207 885 2282 constabat,
917 2207 957 2282 ab
986 2207 1123 2271 Anchise

143 2352 168 2401 i.
185 2348 219 2401 T.
237 2349 370 2402 Labienus
404 2354 431 2402 2.
450 2354 480 2400 ut
494 2349 515 2400 is
529 2348 597 2400 ludis
640 2349 666 2397 s.
682 2346 769 2397 laurea
805 2348 829 2399 4.
849 2347 937 2399 laurea
972 2352 997 2401 s.
1013 2350 1122 2417 primum

68 2426 115 2475 1⁰.
133 2420 236 2473 undem
273 2425 316 2473 12
333 2422 413 2474 duces
431 2420 498 2473 duos
533 2425 578 2474 lo.
595 2423 637 2482 et,
663 2416 733 2483 quod
751 2417 820 2470 inter
842 2420 924 2472 omnis
941 2427 1056 2486 constat,
1075 2437 1123 2473 aa·

66 2493 228 2560 tiquissima‚
243 2491 277 2544 ab

105 2623 132 2671 1.
167 2621 198 2671 Y.
231 2616 378 2687 natenius]
412 2624 444 2674 A.
476 2637 492 2674 a
524 2637 577 2674 sec.
650 2623 694 2671 to.
713 2619 815 2684 tamen]
837 2619 936 2672 APbR.
962 2618 1070 2671 tandem
1087 2623 1122 2675 0.

66 2705 154 2743 maun
171 2691 203 2741 P.
223 2691 253 2743 Τ.
270 2688 407 2744 Labienus
420 2695 450 2744 A.
467 2694 579 2760 aprima
614 2689 673 2741 lure
692 2688 774 2740 haesit
786 2690 812 2740 in
830 2706 854 2744 r.
873 2700 961 2740 tamen
979 2694 1122 2744 sententiae

66 2776 156 2813 manu.
173 2758 227 2812 bil.
614 2775 721 2828 prorsus
739 2759 889 2811 adversante
907 2759 1045 2812 Acidaliae.
1064 2763 1122 2812 Lu-

103 2835 131 2883 2
156 2839 188 2880 ut
206 2829 231 2880 si
253 2829 336 2896 ludia]
359 2833 414 2884 ΑΡ.
440 2841 472 2882 ut
490 2832 516 2884 is
534 2833 578 2884 lu·
614 2832 712 2888 cultus,
730 2831 774 2895 qui
795 2831 865 2896 prius
882 2830 999 2880 iniuriam
1020 2832 1122 2896 patien-

68 2901 113 2952 dis
133 2901 249 2954 Ursinus.
267 2902 302 2954 n.
321 2910 353 2951 ut
371 2901 443 2954 ludia
462 2904 487 2957 b.
614 2909 655 2953 ter
673 2901 845 2966 toleraverat,
863 2899 972 2949 tandem
990 2901 1045 2953 eiua
1064 2917 1120 2955 me-

104 2975 131 3024 3.
159 2971 255 3038 aurea]
297 2971 369 3024 APb.
397 2973 445 3024 bis.
482 2972 576 3023 lusarca
613 2986 671 3023 mor
687 2970 745 3020 tuit.

64 3041 182 3109 Lipsius.
200 3042 235 3094 R.
262 3043 310 3094 bis.
335 3041 428 3106 (Abest
455 3053 578 3094 uteretur
652 3045 692 3092 12.
711 3039 790 3108 duos]
810 3042 840 3093 A.
864 3040 1002 3108 (superscr.
1023 3041 1121 3108 duces.)

66 3113 103 3165 ab
122 3115 169 3176 As,
186 3113 281 3179 ipsius,
310 3118 339 3163 ut
365 3119 443 3180 puto,
469 3115 576 3180 cuore.)
614 3111 695 3161 duces
712 3109 777 3160 duos
802 3112 858 3165 scil.
886 3113 1004 3163 Panaren
1023 3118 1050 3164 ct
1067 3113 1121 3164 La-

105 3186 131 3233 5.
160 3182 313 3232 Huius-
341 3211 375 3221 -
393 3185 480 3250 suaa]
520 3187 576 3237 Sub
612 3181 727 3234 sthenen.
747 3183 779 3233 0.
799 3182 878 3232 duces
901 3180 1049 3237 Rhenanus.
1069 3185 1121 3237 bR.

67 3252 200 3306 Paterculi
214 3254 316 3305 nomine
330 3254 405 3306 affert
419 3255 482 3306 haee
491 3255 578 3307 Scho-
614 3253 698 3303 ducas
716 3253 748 3303 P.

65 3325 144 3376 liaata
161 3321 261 3374 Lucani
273 3328 298 3375 9.
311 3328 371 3376 tro.
392 3343 416 3392 p.
425 3330 486 3378 695.
501 3327 576 3380 Web.
648 3327 691 3374 17.
711 3321 867 3391 quamlibet]
886 3324 918 3375 A.
937 3321 981 3388 (ex
999 3325 1121 3377 emenda-

104 3396 130 3444 s.
158 3391 296 3460 auctibus]
332 3395 430 3447 APbR.
470 3395 577 3449 actibus
612 3394 699 3457 tione,
717 3399 746 3444 ut
763 3393 880 3456 videtur3
905 3409 964 3445 nam
982 3395 1120 3448 Burcriuss

63 3461 213 3518 Scholiasta
230 3463 296 3517 Luc·
313 3462 394 3528 (actis
411 3466 510 3532 Guels.)
610 3464 700 3527 „Alias
726 3461 907 3532 quautlibet.'')
931 3464 983 3517 bR.
1010 3467 1121 3535 quesisti-

102 3539 129 3586 t.
145 3533 261 3601 primus]
281 3536 337 3588 ΑΡ.
351 3536 468 3604 primum
492 3536 576 3590 Scho-
613 3531 655 3583 θεῖ
673 3534 704 3585 P·
1070 3586 1073 3590 .

62 3605 144 3657 liuta
160 3603 228 3657 Luc.
247 3605 299 3658 bR.
648 3607 691 3655 lo.
710 3609 738 3650 et
756 3601 830 3671 quod
845 3600 916 3652 inter
940 3600 1023 3652 omnis
1047 3603 1120 3653 anti-

102 3679 129 3726 7.
147 3691 181 3722 ax
197 3673 280 3741 Asia]
303 3676 402 3732 APbtt.
425 3694 458 3727 ex
471 3677 577 3745 Hispa·
612 3671 750 3742 quissimos
777 3669 929 3738 constabat]
957 3673 1055 3725 APbR.
1084 3682 1121 3740 et,

62 3744 115 3797 nia
132 3740 221 3796 Schol.
240 3745 305 3798 Luc,
612 3741 759 3813 quodinter
767 3741 850 3792 omnia
858 3751 974 3808 constat,
985 3743 1122 3812 antiquis-

100 3819 129 3869 8.
147 3822 283 3865 terrarum
300 3812 381 3884 orbis]
402 3817 502 3871 APbll.
519 3826 577 3868 ter·
612 3813 681 3863 sima
705 3811 847 3869 Acidalius.
877 3813 1024 3865 coniectura
1053 3814 1121 3866 haud

61 3902 115 3939 rae
131 3883 223 3938 Schol.
238 3885 305 3939 Luc.
614 3884 689 3935 nimis
707 3890 780 3934 certa
798 3899 856 3935 cum
868 3889 975 3951 propter
990 3885 1119 3952 duplicem

101 3960 129 4008 8.
152 3953 274 4024 faceret]
318 3955 417 4010 APbli.
452 3955 581 4026 facerent
614 3955 831 4018 immutationem,
848 3961 904 4006 tum
931 3956 1041 4006 maxime
1059 3970 1122 4024 pto·

63 4025 152 4081 codd.
171 4023 258 4080 smol.
278 4025 344 4081 Luc.
617 4031 676 4091 pter
706 4025 954 4092 transpositionem..
984 4023 1054 4077 Nihil
1079 4041 1122 4079 re-

102 4101 130 4151 o.
156 4096 337 4161 mauriense]
363 4096 461 4150 APbR.
498 4095 583 4147 moni-
617 4092 740 4161 prehendi
758 4100 862 4162 posset,
887 4096 911 4146 ai
935 4093 1027 4148 Codex
1047 4095 1122 4148 exhi-

62 4172 159 4221 πωπω
176 4165 264 4219 Schol.
284 4166 349 4221 Luc.
617 4165 705 4216 berete
724 4173 756 4214 ut
771 4164 843 4216 iuter
861 4163 945 4216 omnia
969 4165 1131 4234 antiquita-
