2536 4590
510 186 765 262 ..36-

112 412 169 474 per
191 388 292 452 omnis
314 405 414 448 annos
443 390 537 464 atqtte
569 373 675 442 omnia
696 374 780 437 bella
804 369 810 459 Ι
835 371 952 455 duplici
977 393 1114 435 numero
1135 390 1165 435 ss

111 495 246 555 militum
268 491 473 572 equitumque
496 481 586 561 fungi
600 477 749 561 usquein
764 477 831 540 eius
848 476 979 539 ciuitatis
996 475 1048 537 ius
1061 476 1166 558 recipi,

112 616 193 678 quae
213 615 272 676 per
298 613 350 654 eos
371 591 405 650 in
430 586 464 648 id
487 585 589 666 ipsum
605 581 799 664 pervenisset
812 581 983 659 fastigium,
1006 598 1067 659 per
1083 576 1166 662 quod

111 698 254 760 homines
277 693 414 756 eiusdem
436 702 467 750 et
488 687 587 767 gentis
609 699 640 748 et
661 683 819 762 sauguinis
848 694 885 743 ut
912 695 1063 743 externos
1080 682 1166 743 ¹alie-

78 817 232 881 tnosque
256 795 395 858 fastidire
416 802 532 876 posset.
575 787 612 850 Id
634 788 753 850 bellum
776 786 909 867 amplius
931 783 994 845 δὀἱ.
1021 784 1183 848 inventu-⁵

110 903 150 962 tis
174 901 298 961 Italicae
320 896 457 958 abstulit.
502 891 675 955 Clarissimi
696 903 800 952 autem
821 889 1028 971 imperatores
1043 886 1171 952 fuerunt

110 1002 246 1063 Romani
273 1021 309 1061 eo
331 999 414 1060 bello
433 996 491 1058 Cn.
506 997 693 1076 Pompeius,
718 994 776 1056 Cn.
792 993 936 1073 Pompeii
950 989 1060 1069 Magni
1073 998 1170 1073 pater,

112 1103 148 1166 C.
170 1103 309 1178 Marius,
332 1099 369 1162 de
392 1121 457 1185 quo
478 1098 711 1181 praediximus,
732 1096 770 1160 L.
791 1096 879 1159 Sulla
893 1114 976 1156 anno
992 1100 1171 1175 anteprae-

111 1218 183 1269 tura
220 1209 379 1287 functusq.
412 1204 581 1281 Metellus,
616 1197 778 1264 Numidici
808 1198 905 1273 filius,
941 1197 997 1278 qui
1026 1196 1173 1258 meritum

78 1326 285 1391 scognomen
308 1309 357 1370 Pii
379 1319 563 1368 consecutus
595 1317 683 1381 erat3
716 1304 833 1386 quippe
856 1300 1023 1381 expulsum
1048 1297 1201 1360 civitaten

111 1433 130 1472 a
152 1412 191 1473 L.
210 1409 380 1471 Saturnino
403 1409 473 1470 trib.
496 1406 580 1487 pleb.
588 1449 596 1483 ,
629 1403 715 1488 quod
744 1405 830 1466 solus
860 1404 894 1464 in
924 1403 1006 1480 leges
1035 1400 1105 1463 eius
1124 1401 1172 1462 iu·

109 1533 182 1572 rare
204 1510 363 1585 uoluerat,
385 1509 500 1589 pietate
522 1527 595 1583 sua,
628 1506 813 1567 auctoritate
842 1517 987 1580 senatus,
1009 1496 1171 1566 'consensu

109 1615 188 1695 reip.
209 1612 344 1675 restituit
364 1623 498 1690 patrem.
540 1610 607 1672 Nec
627 1609 796 1689 triumphis
817 1608 1057 1687 honoribusque
1076 1625 1173 1687 quam

110 1726 165 1777 aut
187 1734 280 1775 causa
302 1712 389 1774 exilii
403 1725 456 1773 aut
476 1713 570 1773 exilio
589 1722 643 1772 aut
655 1709 758 1771 reditu
776 1709 890 1770 clarior
904 1708 964 1768 tuit
973 1705 1174 1769 Numidicus.

78 1833 95 1885 1
197 1816 287 1878 xvi.
338 1816 518 1877 Italicorum
552 1825 654 1875 autem
686 1811 815 1874 fuerunt
849 1810 1044 1873 celeberrimi
1077 1808 1208 1873 ducetis

110 1917 177 1980 Silo
194 1915 381 1996 Popaedius,
399 1917 514 1976 Herius
530 1917 668 1986 Asinius,
686 1915 820 1976 Insteius
834 1913 929 1989 Cato,
947 1911 982 1975 C.
998 1911 1177 1995 Pontidius,

109 2019 273 2078 Telesinus
308 2017 458 2092 Pontius,
500 2017 621 2077 Marius
657 2017 827 2094 Egnatius,
861 2017 976 2097 Papius
1017 2016 1176 2079 Mutilius.

75 2118 223 2201 2Neque
248 2138 305 2196 ego
329 2115 520 2182 verecundia
543 2115 729 2180 domesticae
754 2117 871 2196 gloriae
895 2119 1073 2199 quicquam,
1098 2116 1175 2182 dum

107 2242 186 2283 vero
205 2221 328 2296 refero,
352 2208 544 2281 subtraham.
594 2209 711 2302 quippe
746 2222 880 2280 multum
906 2220 1032 2281 Minatii
1064 2221 1175 2301 Magii,

109 2322 192 2384 ataui
214 2321 293 2398 mei,
313 2321 551 2398 Asculanensis,
581 2318 786 2383 tribuendum
817 2334 863 2383 est
893 2321 1088 2400 memoriae,
1115 2324 1208 2406 quito

108 2444 206 2504 nepos
225 2423 316 2483 Decii
333 2425 448 2502 Magii,
467 2423 702 2505 Campanorum
723 2425 891 2507 principis,
914 2425 1111 2497 celeberrimi
1142 2439 1173 2489 et

108 2524 280 2586 fidelissimi
298 2525 375 2601 viri,
398 2538 515 2586 tantam
536 2528 596 2589 hoc
618 2530 702 2590 bello
724 2527 876 2588 Romanis
893 2525 985 2588 fidem
1006 2528 1171 2606 praestitit,

108 2639 143 2689 ut
164 2646 235 2685 cum
257 2626 398 2704 legione,
420 2648 513 2709 quam
533 2629 652 2710 ipsein
669 2630 812 2712 Hirpinis
835 2631 1068 2710 conscripserat,
1086 2629 1171 2691 Her-

108 2720 389 2790 culaneum'simul
410 2751 481 2792 cum
503 2731 540 2793 T.
562 2732 659 2797 Didio
685 2745 826 2813 caperet,
840 2732 1014 2814 ,Pompeios
1037 2733 1107 2791 cum
1130 2730 1171 2793 L.

74 2831 195 2894 ssulla
216 2845 412 2912 oppugnaret
434 2831 609 2916 Cosamque
639 2847 826 2917 occuparet,
852 2835 946 2896 cuius·
969 2831 1008 2892 de
1037 2832 1206 2902 virtuti-2⁵

107 2934 167 2995 bus
190 2953 260 2995 cum
282 2934 350 3013 alii,
378 2946 445 2997 tum
468 2937 604 2999 maxime
633 2935 801 3022 dilucideq.
830 2959 892 3022 que
920 2921 1110 2999 Hortcn'sius
1132 2935 1169 2995 in

178 3076 204 3125 9.
224 3071 345 3137 functus,
363 3073 397 3129 Q.
415 3075 539 3128 Metellus
576 3081 618 3130 tu.
638 3094 765 3132 consensu
784 3078 873 3146 populi
890 3074 1002 3129 Romani
1038 3076 1082 3127 19.
1103 3089 1169 3128 vera

107 3145 152 3195 20.
171 3144 359 3196 Aeculaueusis
394 3147 439 3199 26.
454 3146 567 3200 dilucide
583 3151 617 3207 Q.
629 3149 788 3202 Hortensius

142 3271 168 3320 1.
197 3264 267 3317 bella
304 3267 417 3338 duplici]
449 3272 526 3325 nbis.
552 3271 619 3327 bell:
690 3274 732 3324 18.
742 3268 891 3339 reip.]de.
900 3269 931 3320 P.
939 3268 1122 3321 R.Putesnt1s.
1131 3272 1168 3325 R.

106 3335 227 3406 udupiici
243 3339 274 3390 P.
368 3371 370 3375 ·
690 3347 733 3395 16.
752 3341 832 3407 (inste
849 3338 961 3398 ‚iuscato
980 3339 1022 3404 Α.)

141 3412 167 3461 8.
195 3424 244 3476 per
268 3407 350 3478 quod]
376 3410 474 3480 APbR.
507 3420 619 3481 propter
689 3414 734 3465 17.
751 3408 903 3476 (Mutilius]
923 3409 1020 3462 arbit.
1045 3409 1168 3462 Mutilus

106 3476 180 3548 quod
195 3479 320 3531 Gelenius
331 3482 423 3533 melius
436 3498 512 3549 quam
526 3482 618 3536 Ruhn·
653 3483 769 3538 Vossius.
780 3481 906 3533 Millerus.
918 3479 1167 3548 Cludius.Fiedlet.)

106 3550 213 3602 keuiuss
237 3568 270 3600 rx
294 3569 353 3621 quo.
400 3552 504 3605 Nullam
531 3561 618 3606 tamen
690 3557 733 3606 19.
746 3550 818 3616 vero]
831 3551 1165 3605 n.vera0.verum1²t›1t.

106 3634 210 3671 causam
228 3622 323 3686 video,
348 3638 395 3675 cur
412 3625 516 3691 volgata
536 3625 618 3676 corri-
687 3627 732 3675 20.
750 3620 857 3671 atavini
885 3624 917 3673 Α.
952 3621 999 3673 sed
1034 3637 1164 3691 superant.

105 3688 191 3753 gendo
209 3690 259 3754 sit,
284 3707 343 3742 cum
358 3710 407 3759 per
424 3694 497 3764 quod
516 3694 616 3761 signill-
653 3691 731 3743 atavi
747 3690 806 3744 mei.

106 3758 252 3823 culidem,
272 3760 340 3825 quod
358 3763 395 3813 ilii
414 3765 467 3816 suis
480 3767 615 3818 coniectu·
685 3767 730 3815 20.
749 3760 957 3828 Asculanensis]
976 3760 1076 3815 APbR.
1103 3759 1163 3812 As-

105 3829 141 3880 ris
160 3831 306 3897 exprimere
322 3833 467 3886 voluerunt.
649 3831 800 3884 culanensis
817 3833 983 3900 Peregrinus.
1000 3833 1071 3884 Cella
1086 3831 1134 3886 ‘ua

141 3903 167 3951 9.
179 3899 325 3971 functusq.
340 3901 480 3970 Metellus]
495 3904 526 3957 A.
540 3901 614 3972 fun·
683 3907 727 3958 26.
746 3902 888 3974 dilucideq.
914 3921 965 3975 que
985 3905 1072 3953 Horte
1105 3900 1162 3968 ius]

105 3976 183 4033 ctus,
202 3971 234 4039 Q.
250 3969 379 4023 Metellus
397 3971 474 4026 Pbtt.
647 3973 680 4028 A.
700 3972 813 4024 dilucide
830 3975 862 4043 Q.
875 3972 1039 4026 Hortensius
1055 3970 1159 4024 Ruunt.

140 4043 184 4092 11.
203 4057 220 4088 a
239 4045 271 4092 L.
287 4042 447 4108 Saturnino]
464 4047 497 4098 Α.
523 4041 613 4096 Aldus.
648 4045 798 4114 praeferens
816 4051 916 4097 tamen:
936 4053 994 4094 tum
1006 4041 1101 4094 eximie
1118 4041 1160 4092 ‹li-

104 4109 139 4162 R.
158 4112 191 4165 Β.
206 4112 354 4165 Saturnino
368 4113 417 4168 Pb.
648 4113 786 4188 lucideque
799 4117 831 4185 Q.
841 4112 1011 4166 Hortensius.
1030 4111 1159 4164 dilucide-

141 4185 182 4234 11.
203 4179 615 4255 ingenius]transmigras.
649 4205 699 4257 que
718 4189 750 4257 Q.
771 4185 934 4239 Hortensius
948 4183 1024 4239 Pbtt.
