2536 4590
485 177 746 255 ..97...

76 365 203 450 patriae
224 363 313 444 tulit,
336 363 423 448 quod
447 367 594 429 omnibu's
624 371 805 451 proscriptis
837 373 984 455 aliisque,
1013 377 1068 458 qui
1095 373 1135 439 ad

76 489 154 531 enm
194 487 237 528 ex
270 465 402 530 diversis
439 470 537 530 causis
578 471 735 548 fugerant,
771 471 909 536 reditum
941 479 1134 562 salutemque

41 580 190 652 aptatus
202 579 259 633 est.
302 590 384 651 quae
404 589 454 631 res
475 582 505 631 et
527 570 605 633 alios
623 573 809 637 clarissimos
826 578 911 640 viros
929 590 959 639 et
973 578 1134 645 Neronem

75 669 249 737 Claudium
280 684 311 732 et
345 666 393 734 Μ.
424 671 587 752 Silanum,
619 673 761 737 Sentium
799 673 838 750 Q.
870 677 1076 742 Saturninum
1104 696 1135 745 et

76 774 264 837 Atrnncium
283 795 318 835 ac
341 774 458 836 Titium
481 775 615 837 restituit
639 777 717 858 reip.
766 776 887 840 Staium
910 793 1014 842 autem
1042 784 1153 844 Mur-⁵

75 898 168 953 eum,
189 877 246 960 qui
266 875 403 941 adventu
425 897 483 939 suo
507 877 674 958 classisque
703 879 922 943 celeberrimae
952 884 1034 945 vires
1067 884 1133 945 eius

74 977 305 1059 duplicaverat,
328 979 541 1042 insimulatum
565 980 650 1042 falsis
679 981 964 1061 criminationibus,
989 986 1064 1067 qnia
1086 999 1133 1048 ta-

72 1080 137 1143 lem
163 1081 265 1144 tirum
289 1084 437 1160 collegam
462 1080 557 1144 officii
584 1083 681 1143 Mena
705 1095 735 1143 et
758 1085 961 1147 blenotrades
991 1087 1132 1152 fastidie-

72 1195 167 1261 rant,
188 1182 357 1263 Pompeius
378 1184 411 1244 in
433 1183 540 1247 Sicilia
559 1185 768 1246 interiecerat.

39 1315 57 1367 1
160 1301 340 1389 Lrotvm.
380 1305 451 1367 Hoc
473 1317 576 1366 tractu
596 1316 774 1386 temporum
801 1302 961 1369 Octaviam
989 1329 1131 1371 sororem
1139 1336 1166 1374 10

73 1403 219 1466 Caesaris
239 1406 286 1467 M.
311 1409 469 1469 Antonius
498 1407 588 1469 duxit
612 1428 755 1469 uxorem.
798 1408 967 1488 Pompeius
996 1409 1030 1470 in
1053 1409 1133 1473 Sici·

70 1507 168 1585 liam,
196 1509 351 1571 Antonius
373 1509 408 1570 in
431 1511 654 1574 transmarinas
676 1509 853 1590 provincias
864 1553 874 1587 ,
904 1530 982 1592 quas
1012 1515 1131 1592 magnis

70 1611 240 1673 momentis
258 1609 418 1673 Labienus
438 1633 480 1673 ex
499 1613 657 1674 Brutianis
683 1612 788 1673 castris
809 1613 968 1691 proiectus
992 1611 1030 1673 ad
1053 1615 1132 1676 Par·

71 1709 164 1786 tlros,
187 1711 340 1792 producto
371 1733 481 1774 eorum
515 1715 655 1775 exercitu
682 1713 716 1772 in
746 1710 870 1791 Syriam
902 1713 1129 1798 interfectoque

70 1812 176 1890 legato
206 1812 336 1875 Antonii
364 1829 572 1877 concusserat.
608 1815 664 1897 qui
696 1813 811 1875 uirtute
842 1824 874 1872 et
905 1811 998 1874 ductu
1030 1817 1128 1878 Venti
1139 1835 1165 1874 ts

73 1912 184 1979 divina
214 1934 286 1987 eum
323 1916 513 1978 Parthorum
547 1918 644 1999 copiis
681 1912 947 1993 celeberrimoque
979 1916 1131 1978 iuvenum

37 2018 197 2081 arnecto
217 2017 298 2097 regis
317 2015 383 2079 titio
408 2021 564 2080 extinctus
586 2032 642 2080 est.
683 2015 812 2075 Interim
835 2014 951 2076 Caesar
973 2037 1032 2096 per
1052 2019 1130 2079 haec

146 2185 174 2236 4.
191 2184 361 2251 Sentiumque
380 2186 546 2239 Satuminnm
588 2189 614 2235 5.
635 2185 782 2235 Arruntium
818 2187 846 2235 5.
865 2183 979 2234 Statium
1024 2189 1050 2236 8.
1070 2185 1129 2236 Me-

70 2258 195 2308 necrates
232 2258 275 2307 11.
290 2271 399 2308 uxorem
415 2295 488 2310 .....
507 2257 533 2307 in
546 2255 727 2307 transmarinas
764 2257 806 2305 13.
821 2253 976 2305 molimentis
1015 2258 1129 2323 ilper-

70 2324 156 2378 ducto
192 2326 506 2380 ravennatensem

71 2466 228 2521 denarum
244 2469 270 2522 io
295 2485 367 2539 seqq.
393 2487 434 2523 vr.
465 2469 584 2522 adventu
621 2467 654 2518 de
672 2466 791 2534 Pompeii
805 2467 955 2519 lusiciliam
975 2469 1068 2536 reditu,
1086 2471 1130 2538 qui

71 2554 141 2602 suo,
163 2540 234 2591 unde
261 2539 320 2593 lmie
347 2543 406 2594 loeo
439 2548 510 2594 certe
537 2557 586 2592 suo
621 2544 722 2602 tamen,
741 2544 770 2589 ut
788 2546 828 2589 est
847 2554 938 2606 supra,
958 2540 1077 2593 Murcum
1101 2544 1130 2595 in

73 2609 348 2678 vmunradtnesissa
382 2613 469 2664 Recta
482 2612 586 2678 quidem
621 2608 716 2658 Sicilia
734 2608 907 2661 interfecerat.
940 2609 975 2661 tn
998 2627 1050 2676 quo
1069 2629 1129 2679 per-

73 2682 215 2745 senteutia,
230 2681 371 2734 Latinitate
381 2700 483 2749 quoqne
494 2699 509 2734 a
522 2683 586 2736 l'el-
622 2680 688 2730 tinet
706 2680 808 2730 omnino
826 2679 876 2729 ista
894 2681 961 2731 inter
976 2683 1131 2748 Pompeium

74 2750 163 2802 ieiuna
180 2752 285 2804 atrine
302 2750 457 2804 abhorrente
475 2768 587 2820 repone·
622 2755 650 2800 et
663 2748 813 2799 Antonium
827 2744 982 2804 ‹ivr-trime?
999 2751 1130 2804 Fuerunt-

73 2828 166 2875 muts
191 2821 223 2872 id
238 2840 322 2873 unum
338 2824 522 2879 tantummodo
539 2841 588 2872 ae-
622 2835 655 2870 ne
669 2819 733 2869 llaec
748 2819 889 2884 Pompeius
906 2818 935 2867 in
951 2818 1046 2869 Sicilt'a
1062 2838 1130 2874 mar-

73 2899 185 2960 ceptam
199 2892 296 2961 patria
313 2894 338 2943 ιὶ
356 2893 422 2944 tulit
441 2897 497 2958 vet,
517 2894 587 2960 quod
624 2889 678 2953 gini
709 2887 839 2954 adscripta
870 2890 1046 2954 superioribus
1080 2893 1131 2945 iltis

72 2962 198 3015 usitatius
216 2968 271 3028 est,
288 2962 314 3013 si
330 2963 458 3031 rettulit.)
622 2957 764 3024 Pompeius
786 2957 816 3007 in
832 2956 926 3007 Sicilia
949 2960 1133 3032 interfecerat,

111 3052 140 3101 1·
158 3046 237 3115 punt]
251 3050 284 3103 A·
302 3049 402 3101 muli,
420 3051 495 3104 Μ.
623 3027 762 3081 Antonius
779 3034 865 3080 antem
889 3028 943 3081 bis:
964 3029 1014 3080 Irae
1038 3040 1131 3084 tractu

110 3133 588 3207 ...m.,....,11....n.
624 3096 1132 3236 ...ξω-..ϊῑοεῖςζ,511111ῖὲ

111 3225 141 3276 4·
157 3221 281 3275 &mum
302 3226 347 3295 ᾳ]
372 3226 429 3279 ΑΒ·
455 3224 589 3276 semim·
624 3241 727 3293 ridetur
743 3241 800 3308 ipse
823 3241 874 3293 iam
895 3242 987 3295 Codex
1004 3245 1132 3312 Mnrbsc,

73 3309 130 3365 9¹⁴⁶
146 3292 224 3367 Pbflr
625 3311 840 3378 quemadmodum
865 3314 990 3380 colligere
1008 3317 1070 3369 licet
1098 3335 1132 3370 ex

111 3383 142 3432 5.
160 3379 338 3448 Atruneinm]
370 3382 404 3436 B.
437 3383 588 3435 Arantinm
623 3380 785 3435 Amerbaclrii
812 3385 932 3451 exemplo
961 3392 988 3437 et
1018 3389 1132 3439 editione

72 3450 132 3503 bR.
149 3450 259 3514 (Metios
276 3452 460 3519 Arruntium.)
478 3455 589 3507 Atrun-
624 3455 749 3520 principe.
787 3453 889 3507 Quibus
908 3456 1025 3508 omnibns
1043 3459 1133 3523 pensi-

71 3521 147 3573 rium
164 3521 220 3574 ΔΡ.
623 3526 684 3575 tatis
700 3523 819 3589 suspicor
841 3524 879 3574 sic
896 3524 951 3575 sere
968 3526 1063 3577 fnisse:
1081 3527 1132 3577 ‹lu-

109 3595 141 3643 6.
158 3589 277 3659 maium]
296 3593 368 3646 trb.
386 3592 508 3644 Statium
526 3594 560 3646 R.
623 3594 664 3643 xit
679 3609 787 3643 uxorem
797 3593 1026 3644 moxreversnsin
1040 3604 1132 3647 trans-

109 3665 141 3715 8.
159 3663 343 3730 Menotrades]
364 3665 395 3716 Β.
420 3666 589 3715 Menecrates
623 3662 743 3712 niarinas
757 3659 919 3728 provincias.

26 3794 34 3801 ,
71 3729 229 3787 ntum
236 3733 289 3787 ott.
298 3737 469 3786 Menecrates
477 3737 509 3788 Δ.
526 3737 587 3786 nte-
659 3736 702 3784 ts.
721 3731 869 3798 momentis]
882 3733 981 3787 APbR.
999 3731 1133 3785 molimen-

71 3819 171 3855 nocres
193 3805 226 3858 P.
623 3801 660 3853 tis
676 3799 783 3854 nutat.
802 3802 888 3867 (l’rins
903 3806 1050 3857 coniecerat
1064 3822 1132 3857 ema-

113 3876 161 3928 11.
178 3890 294 3927 waram.
303 3875 454 3944 Pompeius]
469 3879 501 3928 Δ.
519 3891 588 3924 uro-
621 3872 766 3934 lamentis.)

72 3960 143 3997 rm
173 3944 301 3996 deierat
338 3947 483 4014 Pompeius
510 3945 588 3998 Pott.
660 3947 703 3997 14.
718 3941 861 4011 producto]
881 3943 979 3996 arbit.
1001 3943 1134 4012 perducto

72 4013 211 4065 dekrat
240 4017 342 4069 videtur
368 4018 523 4070 inculcatum
556 4016 589 4067 ab
624 4016 791 4071 Amtsenius.

73 4083 226 4151 musam
249 4088 377 4152 Quidem
394 4103 445 4140 aon
463 4089 590 4154 intelligo,
663 4092 705 4140 15.
727 4083 807 4138 Venti
831 4080 934 4149 divina]
963 4087 995 4139 Α.
1016 4084 1150 4160 'Vemim'¹

75 4172 129 4210 aas
146 4157 262 4212 Vettsius
278 4160 334 4226 lpse
350 4158 415 4213 baec
424 4165 593 4215 memorasset
627 4176 683 4211 una
700 4155 776 4211 Pblt.

777 4258 798 4324 'l
