2536 4590
489 191 745 265 ,91-

86 383 154 445 aeri
182 395 275 466 atque
295 384 508 463 prosperrimo
530 383 613 443 bello
643 377 767 443 Cassius
795 382 961 465 Rhodum,
987 408 1053 450 rem
1082 389 1142 450 im·

84 485 189 546 manis
211 485 332 566 operis,
354 497 496 564 ceperat,
517 486 636 545 Brutus
664 482 779 563 Lydos
807 484 981 566 devicerat,
1013 503 1042 550 et
1069 491 1143 553 inde

84 588 121 648 in
142 585 362 648 Macedoniam
385 588 539 648 exercitus
568 587 768 662 traiecerant,
791 608 860 647 cum
882 610 940 668 per
968 592 1073 652 omnia
1091 613 1143 654 re·

84 709 232 768 pugnans
253 699 383 750 naturae
405 710 479 750 suae
492 688 617 750 Cassius
641 690 735 759 etiam
752 689 845 749 Bruti
863 693 1056 754 clementiam
1073 695 1143 755 vin-

86 803 182 853 ceret.
222 790 335 872 Neque
361 793 515 871 reperias,
539 811 618 873 quos
643 802 697 852 aut
730 793 862 872 pronior
894 794 1021 854 fortuna
1048 795 1163 856 conti-⁵

85 904 151 953 teta
175 892 216 952 sit
237 904 291 952 aut
312 892 409 955 veluti
435 893 562 972 fatigata
586 895 737 954 maturius
759 893 934 977 destituerit
948 917 1042 978 quam
1062 898 1144 958 Bru·

84 1006 157 1055 tum
181 1004 213 1053 et
235 991 386 1054 Cassium.

27 1103 68 1151 -1
174 1094 279 1157 LXX.
321 1097 404 1155 Tum
430 1093 545 1155 Caesar
565 1105 595 1153 et
611 1094 766 1155 Antonius
782 1098 971 1160 traiecerunt
988 1097 1144 1160 exercitus

83 1200 121 1259 in
142 1197 361 1260 Macedoniam
384 1209 416 1257 et
435 1206 511 1276 aput
531 1197 641 1255 urbem
673 1196 835 1276 Philippos
867 1220 938 1260 cum
964 1201 1010 1260 M.
1038 1200 1140 1260 Bruto

85 1299 260 1381 Cassioque
287 1299 352 1360 acie
381 1309 619 1359 concurrerunt.
673 1297 798 1375 Cornu,
833 1302 884 1362 eui
907 1302 1023 1361 Brutus
1050 1323 1142 1381 prae·
1152 1309 1178 1345 ¹⁰

86 1413 178 1477 erat,
206 1401 349 1480 impulsis
371 1400 514 1461 hostibus
537 1411 638 1461 castra
669 1399 811 1461 Caesaris
844 1403 938 1483 cepit..
968 1424 1041 1464 nam
1076 1406 1144 1483 ipse

87 1502 220 1574 Caesar,
242 1501 363 1563 etiamsi
383 1501 610 1563 infirmissimus
631 1502 810 1564 valetudine
837 1518 922 1581 erat,
944 1506 1051 1567 obibat
1073 1527 1144 1567 mu·

87 1604 144 1664 nia
163 1602 267 1681 ducis,
296 1617 402 1667 oratus
425 1607 518 1665 etiam
543 1607 582 1664 ab
604 1604 731 1666 Artorio
756 1605 893 1683 medico,
920 1630 959 1670 ne
980 1609 1014 1668 in
1036 1609 1144 1670 castris

49 1717 279 1782 zremaneret,
314 1705 477 1768 manifeste
512 1705 748 1768 denuntiatione
787 1710 899 1789 quietis
935 1712 1055 1772 territo.
1106 1710 1143 1771 ld

86 1819 193 1868 autem
203 1790 270 1883 ‚in
291 1828 355 1888 quo
376 1806 501 1868 Cassius
524 1808 642 1881 fuerat,
663 1808 804 1883 fugatum
821 1830 855 1868 ac
869 1810 947 1869 male
959 1812 1141 1870 mulctatum
1153 1825 1178 1863 1⁵

85 1909 122 1970 in
144 1910 255 1972 altiora
278 1921 440 1991 receperat
456 1909 553 1970 Loca.
595 1908 678 1967 Tum
701 1906 825 1969 Cassius
855 1931 895 1969 ex
928 1930 984 1971 sua
1017 1911 1144 1970 fortuna

85 2024 236 2074 eventum
257 2014 392 2090 collegae
414 2012 597 2086 aestimans,
619 2030 690 2070 cunt
712 2009 877 2072 dimisisset
898 2025 1060 2075 evocatum
1078 2014 1144 2073 ius-

86 2115 241 2195 sissetque
262 2114 403 2174 nuntiari
429 2113 508 2190 sibi,
538 2133 619 2194 quae
641 2124 722 2172 esset
748 2114 916 2175 multitudo
945 2139 980 2176 ae
1014 2118 1061 2178 vis
1085 2118 1144 2175 ho·
1194 2194 1199 2199 ῃ

86 2218 231 2294 minum,
254 2238 336 2298 quae
357 2215 397 2278 ad
419 2236 451 2277 se
472 2215 632 2293 tenderet3
659 2214 778 2274 tardius
801 2236 838 2275 eo
860 2218 1042 2292 nuntiante,
1073 2235 1144 2276 sum

85 2319 123 2380 in
148 2317 252 2380 vicino
280 2332 360 2380 esset
381 2339 491 2397 agmen
522 2338 616 2377 cursu
642 2314 682 2376 ad
711 2337 782 2377 eum
814 2316 1008 2379 tendentium
1040 2333 1180 2399 nequest

85 2421 220 2501 pulvere
242 2419 336 2481 facies
367 2432 421 2480 aut
441 2420 528 2497 signa
550 2417 693 2479 denotari
713 2430 858 2498 possent,
884 2421 1063 2482 existimans
1085 2422 1145 2482 ho·

86 2535 152 2582 stes
176 2540 259 2599 esse,
282 2523 337 2605 qui
359 2523 531 2598 inruerent,
551 2522 676 2582 lacerna
697 2533 790 2601 caput
811 2520 1013 2584 circumdedit
1035 2536 1144 2584 exten·

49 2636 215 2706 Namque
246 2624 400 2685 cervicem
432 2624 593 2684 interritus
626 2623 740 2683 liberto
772 2623 926 2702 praebuit.
978 2622 1145 2684 Desiderat

86 2724 191 2787 Cassii
212 2736 319 2806 caput,
345 2747 415 2786 sum
437 2738 582 2787 evocatus
608 2723 734 2786 advenit
755 2725 902 2784 nuntians
924 2727 1056 2785 Brutum
1078 2747 1144 2786 esse

83 2830 249 2889 victorem.
267 2828 407 2909 quicum
422 2828 642 2908 imperatorem
657 2839 848 2906 prostratum
862 2824 992 2903 videret,
1013 2826 1181 2910 sequanas

83 2928 210 3011 inquit,
233 2949 323 3004 eum,
344 2951 438 3011 quem
459 2951 528 2991 mea
551 2928 663 2992 occidit
682 2926 826 3002 tarditas,
849 2940 879 2988 et
900 2929 942 2989 ita
959 2929 994 2988 in
1007 2927 1143 3008 gladium

47 3029 247 3098 soccubuit.
289 3030 365 3092 Post
384 3052 501 3111 paucos
524 3030 635 3092 deinde
659 3028 725 3090 dies
753 3030 869 3090 Brutus
902 3029 1043 3091 conflixit
1073 3049 1143 3090 cum

85 3132 234 3195 hostibus
256 3142 288 3193 et
308 3133 408 3196 victus
430 3135 494 3194 acie
518 3155 588 3195 eum
619 3134 654 3194 in
680 3135 850 3194 tumultum
876 3144 967 3194 nocte
999 3152 1040 3192 ex
1071 3133 1144 3214 fuga

162 3271 376 3326 inmanitates
411 3279 455 3328 15.
474 3277 614 3328 mulcatum
637 3275 665 3328 in
689 3276 781 3328 altiora
806 3290 835 3328 se
860 3281 996 3343 receperat
1039 3278 1084 3328 st.
1105 3277 1144 3326 in-

84 3342 179 3398 eubut
214 3346 259 3397 28.
277 3347 405 3397 tumulum

124 3471 171 3522 14.
183 3468 420 3540 mnifiste]APh.
435 3471 600 3542 snamfestae
672 3478 714 3528 ts.
732 3475 867 3540 nuntiam]
883 3475 913 3526 A.
933 3471 1059 3524 nuntiare
1068 3470 1145 3523 PbR·

84 3541 121 3593 0.
141 3540 287 3605 (Somnium
306 3545 362 3595 soil.
378 3543 461 3610 ipsum
476 3552 600 3596 eratma-
670 3549 715 3597 ut.
735 3543 868 3607 occubuit]
895 3545 926 3594 Α.
953 3549 980 3591 et
998 3541 1062 3592 miro
1082 3553 1144 3590 casn

82 3610 228 3677 nissam,
252 3613 323 3664 elate
347 3620 374 3665 et
391 3619 483 3680 aperte
501 3615 600 3666 Cassa·
635 3615 723 3666 neseio
750 3615 795 3677 qui
819 3612 887 3679 apud
913 3611 1042 3662 vossium.
1067 3609 1146 3658 incn-

81 3682 123 3733 ῆι
152 3683 296 3749 perieulum
323 3685 505 3748 annuntiabam
537 3699 599 3751 pto—
636 3681 694 3733 buit
721 3684 796 3734 PbR.
842 3683 921 3745 (Puto
949 3694 1063 3731 errorem
1087 3693 1145 3730 esse

81 3753 199 3821 piusque
213 3752 263 3806 hoe
276 3753 309 3806 ad
323 3752 388 3805 Cod.
403 3755 539 3806 lectionem
553 3769 602 3806 ae-
635 3752 807 3806 Amerbschii.
859 3753 984 3804 Fortasse
1017 3752 1044 3803 iu
1078 3749 1144 3800 Cod-
1190 3772 1194 3780 >

81 3822 159 3876 eedit
176 3829 204 3874 et
220 3826 309 3876 stilum
335 3825 429 3877 Velleii
454 3823 600 3877 huiusmodi
635 3825 758 3891 seriptum
770 3824 877 3876 extabat
889 3823 995 3875 iunctim
1007 3819 1147 3889 gladium-

79 3894 248 3946 inventores
260 3894 426 3947 vehementer
436 3896 599 3948 ementiare-
635 3892 757 3945 incubuit
776 3896 817 3947 vel
832 3889 1057 3965 gladimncubuit,
1078 3889 1145 3941 unde

80 3964 157 4030 lert.)
175 3963 325 4035 manifesta
344 3966 474 4019 Heinsius.
493 3967 528 4018 R.
635 3967 679 4017 ille
711 3964 850 4028 occubuit,
881 3963 1023 4014 Rhenanus
1050 3960 1145 4014 tectius

120 4038 166 4086 1⁶.
185 4034 358 4102 mulctatum]
386 4039 418 4088 A.
452 4035 600 4086 rnulcatum
634 4033 754 4087 inrubuit
775 4035 911 4097 elicuerit.)

78 4108 225 4159 Puteanus.
245 4106 280 4158 R.
300 4106 447 4157 multatum
461 4107 510 4159 Pb.
676 4110 720 4158 28.
761 4103 919 4169 tumultum]
955 4103 1011 4156 ΔΡ.
1053 4113 1144 4153 tuntu-

116 4181 163 4231 1⁶.
171 4176 599 4246 receptatursereeeperatttt.
636 4177 691 4230 lum
710 4177 761 4229 stt.
