2536 4590
504 99 805 226 ..naq

104 361 169 423 que
189 339 231 401 ad
251 342 405 422 populum
426 340 499 403 tulit
505 364 596 425 ,qua
619 344 725 407 Sullae
752 348 920 428 imperium
946 353 1160 430 abrogaretur,

103 443 141 506 C.
162 444 267 511 Mario
291 445 409 505 bellum
432 445 652 508 decerneretur
668 448 934 528 Mithridaticum,
953 452 1090 535 aliasque
1112 456 1162 522 le·⁴

102 567 157 627 ges
176 547 371 628 perniciosas
385 560 416 608 et
432 548 606 609 exitiabiles
626 569 730 631 neque
750 551 929 614 tolerandas
944 554 1063 615 liberae
1084 554 1159 617 civi-

101 650 160 710 tati
175 650 257 710 tulit.
300 649 378 730 quin
399 649 524 731 etiamq.
553 651 685 731 Pompei
715 650 805 715 COS.
833 655 933 716 filium
962 654 1159 738 eundemque

101 748 212 813 Sullae
229 756 379 829 'generum
402 772 460 830 per
480 751 655 814 emissarios
675 753 821 817 factionis
842 776 916 818 suae
937 756 1104 818 interfecit.
1169 771 1181 809 ⁵
1202 774 1204 781 ’
1260 818 1263 822 ,

67 888 83 939 1
187 871 278 932 XIX.
322 872 404 932 Tum
425 871 513 932 Sulla
534 882 694 934 contracto
716 874 858 936 exercitu
879 873 919 936 ad
935 878 1048 937 urbem
1068 874 1162 938 rediit

101 994 236 1056 eamque
258 974 353 1033 armis>
373 973 554 1054 occupavit,
575 993 632 1035 x11.
655 987 796 1037 auctores
824 997 980 1040 novarum
1010 976 1161 1056 pessima·

100 1095 239 1156 rumque
258 1094 384 1150 rerum,
405 1075 488 1136 inter
512 1095 592 1156 quos
611 1075 751 1136 Marium
781 1099 852 1139 cum
880 1080 945 1141 filio
976 1090 1006 1139 et
1028 1079 1065 1140 P.
1089 1077 1161 1140 sut-

100 1177 188 1258 picio
207 1177 287 1236 urbe
310 1177 489 1237 exturbavit
510 1197 545 1236 ac
565 1177 634 1255 lege
653 1178 716 1238 lata
738 1181 845 1240 exules
861 1180 944 1242 fecit.
986 1177 1160 1259 Sulpicium

103 1278 198 1340 etiam
222 1274 359 1337 adsecuti
390 1278 509 1358 equites
539 1278 574 1337 in
608 1278 808 1341 Laurentinis
838 1279 1005 1360 paludibus
1034 1280 1195 1358 iugula-¹0

99 1400 179 1442 vere
199 1389 353 1461 caputque
373 1380 440 1439 eius
464 1391 601 1440 erectum
622 1391 654 1439 et
671 1391 860 1441 ostentatum
879 1402 941 1461 pro
958 1379 1081 1441 Rostris
1095 1381 1162 1443 val·

67 1493 137 1544 zut
177 1466 271 1543 omen
310 1481 500 1541 imminentis
537 1478 775 1561 proderiptionis
812 1483 881 1543 fuit.
933 1481 1054 1542 Marius
1089 1495 1162 1561 post

100 1589 227 1643 sextum
250 1582 447 1643 consulatum
471 1602 617 1664 annoque
636 1602 712 1642 cxx.
735 1580 839 1643 nudus
869 1604 904 1643 ac
929 1582 1006 1643 limo
1028 1583 1161 1646 obrutus

100 1684 202 1745 oculis
223 1683 439 1746 tantummodo
453 1704 488 1744 ac
502 1685 632 1744 naribus
644 1684 868 1761 eminentibus,
891 1697 1046 1746 extractus
1063 1706 1160 1746 arun·

101 1781 211 1845 dineto
232 1785 313 1845 circa
333 1782 482 1865 paludem
503 1786 658 1861 Maricae,
679 1786 714 1845 in
735 1805 830 1866 quam
859 1805 892 1846 se
922 1787 1045 1864 fugiens
1077 1805 1196 1848 con-rs

101 1896 254 1947 metantes
275 1884 380 1946 Sullae
403 1887 523 1967 equites
545 1885 722 1962 abdiderat,
743 1887 858 1947 iniecto
887 1885 922 1946 in
951 1888 1065 1949 collum
1089 1890 1160 1951 loro

67 1987 137 2050 itin
158 2008 314 2050 carcerem
334 1988 604 2049 Minturnensium
623 1988 713 2049 iussu
732 1988 825 2050 uviri
848 1986 1018 2068 perductus
1041 2003 1096 2052 est.
1122 1987 1162 2051 ad

102 2110 199 2172 quem
218 2089 468 2151 interficiendum
494 2093 604 2152 missus
637 2111 708 2151 cum
740 2088 843 2168 gladio
877 2112 985 2153 servus
1017 2094 1160 2171 publicus

100 2186 231 2254 natione
253 2193 446 2270 Germanus,
472 2193 527 2274 qui
547 2193 629 2254 forte
653 2193 692 2252 ab
714 2193 904 2272 imperatore
920 2213 958 2253 eo
977 2194 1060 2252 bello
1075 2190 1160 2252 Cim-

100 2291 191 2354 brico
214 2306 321 2374 captus
342 2306 483 2371 erat‚‚ut
507 2293 633 2371 agnovit
653 2293 809 2368 Marium,
829 2313 942 2371 magno
960 2292 1078 2353 eiulatu
1102 2310 1193 2352 ert-ao

100 2395 251 2474 primenti
270 2394 517 2474 indignationem
537 2410 626 2457 casus
648 2395 728 2456 tanti
748 2394 811 2457 viri
830 2395 950 2455 abiecto
965 2391 1067 2472 gladio
1081 2413 1158 2473 pro·

68 2497 183 2576 afugit
201 2518 224 2557 e·
241 2518 374 2559 carcere.
417 2499 500 2560 Tum
528 2497 610 2561 cives
635 2500 674 2557 ab
697 2499 787 2558 hoste
808 2496 950 2557 misereri
970 2496 1065 2576 paulo
1088 2505 1159 2555 ante

100 2599 254 2681 principis
286 2600 348 2662 viri
383 2598 466 2661 docti
505 2600 692 2660 instructum
722 2619 794 2659 eum
828 2581 941 2660 viatico
974 2597 1159 2677 conlataque

99 2711 189 2763 vesta
212 2702 248 2761 in
271 2720 384 2762 navem
403 2701 630 2780 imposuerunt.
671 2705 713 2761 At
732 2702 785 2761 ille
803 2698 967 2761 adsecutus
986 2697 1067 2757 circa
1078 2698 1159 2756 Tae·
1195 2700 1198 2706 '

101 2802 227 2866 nariam
247 2802 347 2863 filium
369 2824 495 2879 cursum
515 2805 550 2863 in
564 2804 702 2864 Africam
725 2801 840 2862 direxit
858 2803 1049 2878 inopemque
1064 2796 1194 2857 vitamas

99 2907 138 2967 in
158 2903 284 2984 tugurio
306 2900 473 2966 ruinarum
489 2904 792 2983 Carthaginiensium
815 2900 976 2964 toleravit:
999 2890 1071 2959 cum
1087 2896 1158 2959 Ma·

176 3075 202 3126 4.
220 3072 299 3125 etiam
315 3071 350 3128 Q.
365 3071 477 3139 Pompei
500 3074 557 3124 il.
578 3046 747 3141 expromente
783 3071 828 3122 25.
846 3067 983 3122 denariam

101 3213 179 3267 dedit
213 3212 321 3265 addixit
348 3213 437 3267 deleto
455 3246 457 3250 .
477 3221 569 3283 postca
592 3231 617 3268 v.
688 3219 731 3267 ts.
750 3211 883 3283 annoque]
898 3210 997 3265 delt.
1009 3225 1160 3281 annumque

101 3284 187 3336 dedit.
199 3301 228 3335 ae
244 3282 352 3333 addixit
363 3285 504 3338 Puteanus.
518 3285 617 3339 Asiam
651 3286 768 3341 Vossius.
836 3307 842 3314 ·

100 3353 215 3408 addixit
233 3354 350 3406 Gladius.
686 3360 731 3407 20.
743 3352 941 3423 anagnostes.
954 3368 1014 3400 cum
1025 3366 1122 3419 magno
1129 3351 1161 3401 P.

140 3431 168 3478 l.
186 3423 265 3490 tulit]
286 3425 384 3477 APbli.
400 3426 459 3479 Del.
471 3425 617 3478 tulitldot-
686 3423 909 3493 2i.exprimentr]
925 3424 956 3475 Α.
970 3420 1161 3489 (pererratam,

101 3498 230 3563 tiegerus.
278 3496 370 3560 Aequo
398 3498 456 3548 iure
486 3498 616 3562 posterius
651 3496 678 3547 ni
698 3495 782 3547 fallor.
818 3492 885 3545 Nam
903 3493 926 3543 si
939 3507 968 3543 re
981 3491 1080 3540 verain
1095 3487 1161 3539 Cod.

99 3569 131 3620 in
154 3562 272 3634 partulit
297 3567 392 3617 mutari
421 3573 518 3635 posset.
561 3566 617 3618 Sed
651 3567 690 3618 sic
717 3566 823 3626 fuisset,
854 3563 899 3612 vix
925 3560 992 3611 alter
1018 3558 1163 3637 descriptor

99 3635 245 3692 verendum
264 3641 319 3699 est,
338 3652 371 3688 ne
390 3637 485 3688 talibus
504 3637 617 3704 scripto·
652 3641 698 3687 aut
715 3632 856 3685 Rhenanus
874 3647 899 3682 v.
916 3637 1095 3696 expromentm
1112 3627 1163 3678 etsi

99 3723 160 3762 rem
185 3709 270 3773 ipsunt
288 3708 376 3774 potius
403 3723 480 3774 qoam
498 3707 617 3759 librarios
653 3705 680 3775 h.
697 3705 715 3756 l.
739 3703 829 3767 utique
852 3701 955 3766 aptius,
978 3697 1162 3750 substituisset.

99 3777 280 3832 emendatum.
654 3775 777 3826 Ceterum
803 3771 964 3838 exprimente
987 3769 1164 3836 praetulerunt

138 3852 166 3900 4.
184 3847 294 3916 etiamq.
309 3847 428 3916 Pompei]
445 3848 477 3901 Α.
490 3846 573 3897 stiam
585 3847 617 3914 Q.
653 3846 816 3896 Burmannus
853 3847 881 3893 et
908 3839 1039 3904 Crollius.)
1067 3855 1162 3905 expro-

98 3916 224 3985 Pompeii
240 3917 316 3968 PbR.
396 3928 407 3940 “
643 3923 740 3984 ,πωπω
763 3910 869 3965 Ruunt.
907 3907 1071 3977 expromenti
1104 3908 1162 3961 PR.

139 3993 185 4041 1⁰.
203 3986 286 4052 Vide,
311 4001 344 4039 ne
368 3986 452 4037 etiam
476 3993 560 4039 ortum
585 3987 621 4038 ait
654 3984 839 4054 (magnacum
864 3979 971 4030 eiulatu
997 3995 1025 4030 ae
1046 3977 1163 4046 prodeu-

100 4075 120 4111 ο
137 4058 315 4125 geminatione
341 4059 392 4112 titt.
419 4057 513 4122 itiam,
531 4063 560 4110 ut
579 4063 621 4109 est
655 4065 708 4106 tem
725 4050 908 4122 indignatione
926 4050 962 4114 b.)
1070 4090 1072 4095 ,
1167 4082 1169 4086 ,

101 4132 131 4184 in
150 4130 206 4184 ΔΡ.
669 4128 715 4178 24.
725 4119 1103 4186 Taena1·tam]nP.Aeaartnm
1111 4119 1163 4171 bR.
