2536 4590
455 198 739 277 „157—

10 378 38 473 di
107 372 211 467 ripaeis
237 415 317 477 quae
349 392 459 457 sceleri
483 403 516 454 et
541 387 711 472 parricidio
741 409 800 452 suo
829 389 968 453 Nomina
995 391 1119 458 indidit.

10 476 33 520 ω
68 544 74 555 .
106 488 165 573 Νη.
180 499 261 560 aliter
279 518 347 559 rem
368 519 402 576 p.
418 508 449 558 et
467 496 543 555 belli
564 495 658 556 finem
673 493 727 554 ait.
765 491 836 554 Nisi
848 505 974 554 maneat
986 497 1118 575 expulsa

107 591 164 668 ’stit
179 600 278 678 plebes
309 595 428 678 praeda
457 597 556 658 ciuilis
585 594 791 657 acerbissima.
820 594 872 654 ius
903 593 1118 679 iudiciumque

10 684 14 691 ’
72 695 211 763 nomnium
227 723 346 763 rerum.
366 719 462 781 penes
483 720 526 761 se.
546 697 633 780 quod
651 697 809 777 populiR.
826 698 887 758 fuit
906 694 1118 781 lquaesirobis
1138 715 1144 722 ’

103 782 148 871 pt!
165 815 192 863 et
207 803 378 884 composita
397 802 629 878 intelleguntur.
648 819 793 861 maxuma
813 803 1011 864 turbamenta
1025 805 1072 864 rei
1083 827 1136 885 p.s

10 888 16 924 ³
102 906 170 978 tique
196 908 289 968 exitia
327 907 460 985 probate
494 901 620 965 adnuite
654 901 773 978 legibus
803 902 957 983 impositis
988 906 1118 986 accipite

10 990 19 1015 '¹
99 1001 175 1068 otium
193 1032 261 1070 cum
285 1008 411 1069 servitio
430 1018 462 1066 et
487 1002 600 1065 tradite
626 1005 805 1080 exemplum
824 1006 957 1083 posteris
985 1005 1117 1070 adrem

10 1103 17 1114 “
64 1112 225 1174 tonsuret
236 1108 395 1188 sanguinis
412 1103 554 1168 mercede
575 1103 880 1164 circumveniundam
896 1107 985 1168 mihi.
1006 1129 1118 1190 wam-

92 1216 167 1276 quam
186 1236 243 1296 per
262 1216 324 1274 hoe
355 1228 511 1272 summum
533 1203 700 1283 imperium
733 1205 807 1265 satis
835 1209 1013 1289 quaesitum
1041 1224 1119 1271 erat.

87 1291 196 1381 Nomffli
227 1315 384 1376 maiorum
416 1308 567 1386 dignitati.
603 1317 697 1386 atque
731 1306 824 1368 etiam
853 1307 983 1387 praedio
1011 1322 1152 1378 tamenta

83 1390 145 1467 Non
162 1411 221 1471 fuit
240 1408 406 1470 consilium
425 1409 562 1487 privatas
583 1427 659 1487 opes
680 1407 783 1469 facere
802 1411 971 1492 potiorque
984 1410 1052 1472 visa
1069 1425 1117 1474 est

78 1504 240 1574 rericuosa
259 1510 387 1570 libertas
409 1509 516 1590 qrrieto
540 1509 666 1571 seruitio
699 1531 779 1591 quae
807 1513 834 1573 si
862 1514 1004 1593 probatis
1040 1513 1116 1575 ade·

10 1624 31 1655 ÷-
76 1607 242 1690 ttequirtues
261 1623 298 1689 et
312 1613 394 1671 bene
413 1612 566 1672 iuvantib.
589 1609 669 1671 divis
689 1612 737 1672 M.
755 1614 933 1675 Aemillium
954 1612 1044 1680 008.
1056 1615 1117 1678 du·
1208 1685 1214 1694 ‚

72 1712 135 1770 cem
154 1726 184 1776 et
203 1724 363 1778 auctorem
385 1713 553 1796 sequimini
577 1711 617 1774 ad
635 1712 845 1793 recipiendam
865 1716 1050 1780 libertatem.

266 1910 461 1978 ORATIO
495 1913 720 1979 PHILIPPl
753 1914 805 1978 ΙΝ
813 1908 911 1978 SIA.
1119 1937 1148 1977 as

32 2039 46 2086 ¹
150 2053 292 2116 Maxime
320 2044 434 2119 vellem
462 2057 498 2118 P.
525 2055 562 2116 G.
592 2076 691 2136 remp.
726 2057 863 2139 quietam
897 2078 963 2121 esse
993 2070 1047 2121 aut
1078 2057 1112 2119 in

57 2150 208 2217 periculis
229 2179 248 2216 a
268 2160 500 2240 promptissimo
522 2179 619 2241 quoq.
639 2157 775 2220 delendi.
804 2159 909 2245 deniq.
937 2182 1036 2242 parva
1062 2161 1114 2221 in·

59 2254 152 2329 cepta
170 2261 404 2323 consultoribus
423 2261 536 2322 Nonae
556 2281 632 2321 esse.
684 2259 746 2321 Sed
775 2273 882 2323 contra
908 2261 1112 2325 seditionibus

57 2356 168 2420 ⁰¹¹tnia
187 2362 315 2423 turbata
335 2375 409 2424 sunt
431 2374 462 2424 et
484 2364 561 2423 abiis
581 2381 661 2444 quos
675 2363 842 2442 prohibere
859 2365 954 2445 magis
971 2363 1111 2429 decebat.

56 2455 219 2524 P⁰⁸tremo
247 2485 328 2546 quae
359 2466 485 2546 pessimi
517 2477 547 2526 et
570 2465 743 2526 stultissimi
771 2465 934 2529 deerevere
959 2487 994 2526 ea
1017 2469 1146 2531 bonisne

57 2561 91 2609 el
113 2566 275 2646 sapientib.
300 2568 443 2629 facienda
464 2580 545 2629 sunt.
586 2567 786 2630 Nambellum
807 2581 870 2648 atq.
892 2588 979 2627 arma
1000 2590 1111 2648 quam·

58 2663 154 2727 ‘luam
180 2667 270 2729 vobis
292 2668 404 2732 inuisa.
432 2669 543 2731 tameN
562 2671 637 2752 quia
658 2669 780 2749 Lepido
799 2669 931 2747 placent.
959 2667 1121 2731 sumenda'

54 2761 145 2828 ⁸¹¹11t.
186 2769 258 2830 Nisi
278 2771 361 2832 forte
382 2775 432 2832 cui
453 2791 560 2850 pacem
584 2784 741 2850 praestare
763 2782 794 2829 et
814 2770 929 2828 bellum
948 2773 1014 2848 pati
1034 2791 1109 2831 con-

24 2847 164 2930 2⁸¹'lium
183 2885 238 2934 est.
281 2872 377 2934 Prodi
400 2872 475 2934 boni
497 2873 552 2952 qui
572 2872 764 2932 hancurbem
785 2870 862 2929 omis
878 2890 988 2930 sacura
1005 2869 1108 2931 adhuc

132 3014 157 3062 4.
176 3012 251 3066 Quae
268 3013 291 3064 si
310 3014 383 3064 uobis
418 3017 442 3062 1.
462 3009 496 3063 ad
515 3011 639 3078 populum
658 3012 804 3061 Romanum
849 3014 876 3061 8.
902 3010 1106 3063 circumveniun-

47 3052 129 3131 dum,
165 3080 231 3134 Mihi
248 3096 400 3148 quamquam
439 3084 479 3133 to.
499 3080 628 3146 praesidio
667 3084 708 3130 12.
726 3079 832 3141 adeste,
851 3080 966 3133 Quirites
1006 3085 1048 3132 13.
1066 3082 1107 3133 dis

39 3120 91 3255 dd„
121 3153 254 3203 Aemilium
299 3157 388 3231 ¹⁵2⁸*
408 3165 575 3202 saturnum.
619 3155 662 3200 11.
682 3164 762 3231 prava
797 3153 839 3200 19.
858 3150 941 3200 abiis
976 3153 1020 3202 at.
1039 3151 1108 3205 Nam

96 3215 154 3272 lum
188 3226 233 3276 24.
251 3224 305 3274 Pro
322 3219 348 3270 dr
384 3223 427 3272 24.
447 3219 511 3272 hane
531 3222 620 3272 urbem
639 3235 734 3270 omissa
751 3233 813 3270 eura

77 3351 217 3400 bouq-1115,
252 3349 278 3396 2,
296 3340 378 3391 aliter
393 3342 493 3409 populo
517 3347 637 3393 Romano
659 3361 717 3395 esse
741 3343 803 3394 belli
814 3345 901 3412 finem
946 3352 972 3399 5.
996 3365 1055 3416 pax
1078 3359 1106 3401 et

130 3413 348 3547 35:21¹me
371 3413 458 3464 Habet
484 3411 523 3462 ad
541 3413 672 3482 populum
696 3416 846 3466 Rauranum
871 3443 908 3456 -
930 3444 967 3456 -
991 3419 1105 3469 circum-

10 3640 40 3691 ἲ,
74 3601 122 3658 δ,
137 3607 289 3674 composita]
309 3607 407 3658 Firmat
421 3604 485 3658 hauc
501 3607 561 3658 lect.
634 3611 677 3658 to.
691 3607 814 3674 praedio]
830 3606 967 3676 praesidio
992 3613 1106 3665 correxit

10 3666 80 3762 n?
87 3678 140 3726 tie.
158 3692 211 3741 pn,
230 3680 272 3728 cui
291 3678 407 3743 plerique
420 3678 561 3727 substitue·
596 3676 685 3729 Aldus.

57 3739 118 3790 ¹¹1
134 3746 190 3797 ttdi
216 3750 390 3799 coniecturam
414 3745 562 3797 ⁶⁰1100'd1'0*
632 3783 674 3829 ra.
695 3777 775 3847 atvs]
794 3779 836 3832 ua
860 3783 940 3835 ceteri
959 3783 1042 3838 com.
1068 3784 1104 3852 (r)

10 3803 563 3977 egenen-mrum
595 3846 739 3902 a...

114 3945 203 4004 habere
221 3956 299 4004 etiam
323 3953 407 4003 Vatic.
429 3967 478 4018 pr..
496 3954 566 4009 Proa
633 3955 817 4022 15.1NSIA]
854 3957 1041 4023 compendium
1063 3967 1104 4014 est

10 3983 136 4068 baud„
154 4031 240 4074 tamen
258 4022 404 4074 emendatio
430 4021 503 4072 Aldi:
526 4022 565 4071 ad
597 4023 700 4080 main
714 4027 856 4079 sententia.
890 4029 1001 4090 „Oratio
1018 4029 1107 4085 habita

10 4067 177 4211 Ξῖξιᾳῖαέι
194 4095 344 4144 Rauranum
355 4119 391 4129 -
400 4118 437 4130 —
449 4091 564 4143 circuru-
597 4095 656 4149 loco
662 4096 830 4151 aerternae.”
847 4098 949 4166 Volgo:
960 4098 989 4151 itt
999 4113 1105 4154 senatu.

114 4172 148 4213 ἰη
168 4181 223 4216 uns.
