2536 4590
486 216 536 231 -
587 190 652 245 vllt
703 211 754 226 -

183 363 352 450 Fuerunt,
378 358 436 460 qui
460 358 635 433 crederent
659 357 724 432 hoe
749 358 862 460 ipsum
897 353 1065 456 exemplar
1100 354 1209 427 tradi-

82 512 154 569 tum
195 521 268 569 esse
300 489 411 594 operis
444 490 686 580 Frobenianis,
723 518 763 566 ex
796 521 864 593 quo
899 488 1013 563 Editio
1048 485 1209 587 princeps

83 623 164 699 anni
189 642 322 698 mbxx.
350 619 608 720 exprimeretur,
633 620 784 722 adeoque
807 624 872 696 hoc
891 619 978 694 illud
1003 644 1091 707 esse,
1114 617 1210 718 quod

83 754 271 829 Rhenanus
292 769 536 852 „properanter
562 768 661 852 atque
693 751 872 826 infeliciter
904 752 946 826 ab
980 752 1088 825 amico
1122 779 1210 851 quo-

84 884 165 958 dam
199 881 424 981 descriptnm’'
460 860 678 982 conqueritur
716 882 752 954 in
792 881 1002 956 dedicatione
1030 883 1122 982 (pag.
1148 885 1210 982 3.)

82 1014 195 1114 Atque
209 1039 325 1086 verum
343 1029 392 1085 est
405 1011 669 1086 Amerbachium
688 1029 804 1086 natum
819 1041 909 1086 anno
924 1012 1212 1111 m.cccc.xcv.*),

85 1171 253 1218 annorum
288 1141 389 1216 unius
424 1161 456 1217 et
484 1143 602 1242 viginti
639 1142 903 1235 adolescentem,
941 1170 1017 1216 cunr
1050 1141 1212 1214 Codiccm

82 1274 344 1350 Murbacensc'm
371 1271 568 1373 descripsit,
599 1273 756 1347 Rlicnani
787 1273 891 1347 fuisse
925 1270 1147 1371 discipulum,
1172 1288 1213 1344 ut

85 1405 192 1479 didici
219 1433 258 1478 ex
284 1400 431 1504 quadam
457 1401 528 1475 cius
563 1402 703 1502 epistola
740 1432 829 1477 anno
868 1423 1002 1478 mm.
1036 1401 1080 1475 ad
1110 1429 1212 1502 prae-

86 1553 258 1636 ceptorem
283 1532 386 1607 missa
412 1548 444 1604 et
468 1531 621 1605 Basileae
646 1531 816 1634 hodieque
843 1550 1016 1607 asservata.
1067 1536 1213 1608 Verum-

83 1684 197 1739 tamen
224 1665 272 1754 ei,
306 1690 407 1764 quam
434 1661 543 1760 tetigi,
569 1663 756 1762 suspicioni
782 1663 948 1766 permulta
973 1663 1126 1736 obstant:
1151 1662 1214 1735 ab-

87 1812 168 1870 sunt
194 1792 284 1868 enim
309 1790 405 1866 Libri
431 1792 533 1894 primi
559 1792 669 1893 capita
693 1810 768 1867 octo
794 1793 928 1894 priora‘3
953 1822 1015 1868 nec
1040 1822 1119 1868 vero
1152 1792 1215 1866 ab·

87 1925 194 1999 scissa
219 1939 299 1996 sunt
324 1918 424 2006 solia,
458 1918 494 1991 in
529 1920 652 2020 quibus
688 1920 745 1994 illa
781 1941 914 1996 exarata
950 1923 1054 1998 fuisse
1090 1922 1214 2022 aliquis

87 2070 202 2157 putet,
227 2050 288 2126 sed
314 2048 380 2123 illis
407 2049 560 2123 consulto
587 2050 720 2126 omissis
742 2050 822 2125 inde
848 2081 867 2125 a
894 2055 1002 2155 capite
1025 2081 1116 2127 nono
1133 2051 1215 2127 Vel-

87 2183 146 2258 leii
173 2210 288 2257 curam
324 2179 514 2255 describere
547 2181 627 2255 satis
661 2179 797 2271 habuit;
830 2181 960 2256 nullum
997 2185 1085 2257 inest
1114 2183 1241 2258 vesti?

88 2313 182 2413 giam
207 2310 258 2386 vel
282 2311 526 2385 correctionum
553 2340 573 2385 a
598 2311 766 2386 Rhenano
792 2312 956 2389 factarum
986 2302 1046 2388 vel*
1063 2314 1213 2389 ciusdem

87 2442 362 2530 annotationum;
392 2439 485 2515 nulla
511 2442 761 2547 typothetarum
787 2442 902 2542 signa,
939 2444 1062 2546 quibus
1096 2446 1214 2519 eham-

86 2593 189 2665 tunc,
214 2592 252 2647 ut
277 2572 346 2647 vidi
372 2570 408 2643 in
435 2565 577 2661 Codice,
611 2599 628 2645 e
655 2602 722 2673 quo
757 2574 890 2647 Erasmi
924 2575 1056 2650 Novum
1095 2576 1214 2650 Testa-

85 2723 237 2781 mentum
263 2732 352 2778 anno
379 2720 745 2804 M.n.xv1‚exprcssum
772 2722 836 2794 est,
869 2704 1082 2806 plagularum
1110 2705 1212 2780 finem

86 2837 268 2923 notabant;
292 2831 405 2907 nullae
431 2832 579 2938 sordes,
594 2832 718 2934 quibus
747 2833 899 2927 chartae,
928 2865 1014 2937 quae
1048 2837 1213 2935 eiusmodi

88 2966 200 3069 operis
225 2965 425 3053 traduntur,
450 2963 623 3065 inquinari
638 2963 773 3055 ‘solent3
813 2985 986 3068 praeterea
1002 2966 1071 3041 bis
1098 2967 1213 3041 omissi

88 3114 167 3173 sunt
193 3123 309 3169 versus
335 3092 458 3191 integri
470 3094 542 3194 ⁴⁸⁴⁸),
567 3122 651 3194 quos
677 3095 779 3169 babet
803 3095 1009 3184 Rhenanus3
1044 3114 1093 3186 et,
1120 3099 1214 3197 qnod

87 3227 197 3303 maius
238 3243 303 3312 est,
339 3218 427 3296 inter
463 3220 585 3297 multos
624 3253 753 3318 errores
792 3225 932 3315 feliciter
966 3228 1008 3302 ab
1046 3227 1213 3309 Rhenano

90 3375 258 3433 correctos
284 3353 386 3429 habet
423 3371 472 3426 tot
493 3372 627 3455 tamque
654 3356 805 3454 egregias
832 3356 1008 3448 lectiones,
1040 3376 1095 3454 nt,
1128 3387 1214 3459 quo-

87 3487 192 3563 modo
219 3485 357 3561 omnino
386 3483 535 3585 aprimo
562 3484 688 3559 editore
715 3515 791 3560 cunr
824 3487 998 3588 peioribus
1029 3491 1213 3591 permutari

89 3616 281 3721 potuerint,
306 3615 373 3690 hoc
399 3614 511 3714 ipsum
534 3614 702 3715 exemplar
726 3618 754 3690 si
782 3636 857 3693 ante
889 3617 1004 3694 oculos
1031 3619 1214 3709 habuisset,

90 3767 250 3850 exputare
290 3773 505 3847 nequeamus.
575 3746 689 3844 Quid,
729 3750 823 3850 quod
863 3779 1002 3854 perraro
1048 3751 1213 3826 eiusmodi

175 4045 203 4133 *)
224 4051 359 4113 Mortem
380 4053 456 4115 obiit·
479 4073 560 4117 auno
581 4073 734 4116 annana.

164 4164 208 4250 sq
229 4167 300 4232 Lib.
314 4169 353 4232 ll.
378 4170 413 4233 C.
433 4177 490 4248 95,
513 4180 531 4234 3
555 4185 583 4237 et
606 4175 682 4251 104,
705 4175 736 4235 4.
800 4190 802 4196 ·
