2536 4590
457 195 641 324 -169
692 238 743 259 -
791 243 824 261 «-

51 389 170 451 antus
197 386 270 468 ipss
300 384 357 450 vix
377 383 491 464 ‚agitat
516 382 581 461 ego'
604 380 687 445 Non'
711 402 779 456 rem
804 383 989 447 familiarem
1017 385 1123 452 modo.

49 508 179 556 verm
199 489 295 551 etiam
316 486 410 550 fidem
432 482 623 563 consumpsi.
643 484 764 568 reliqui·
777 500 839 568 uos·
857 474 941 547 estis.
976 488 1031 569 qui
1052 488 1123 552 Nisi

51 589 241 655 subvenitis
260 588 362 651 invito
388 597 420 647 et
439 583 638 667 praedicente
660 601 710 646 me
732 586 887 648 exercitus
908 587 982 649 hinc
1003 600 1122 653 etcum

53 712 99 756 eo
123 709 225 755 omne
248 690 376 752 bellum.
388 682 559 769 Hispaniae
581 686 617 747 in
637 687 758 751 Italiam
778 688 1056 768 transgredientur.

257 902 932 971 arserunamrrnnrnarts.
1005 999 1008 1003 .
1131 927 1144 968 s

20 1083 36 1132 1
151 1063 225 1127 Rex
262 1062 471 1127 Mithridates.
505 1062 572 1141 regi
609 1064 719 1126 Arsaci
748 1067 891 1130 salutem.
927 1085 1035 1130 omnes
1068 1065 1124 1148 qui
1173 1126 1175 1131 ,

54 1164 211 1228 secundis
233 1169 329 1229 rebus
351 1166 415 1227 suis
436 1164 476 1226 ad
489 1165 564 1225 belli
579 1165 728 1226 societate
745 1179 909 1227 morantur
927 1165 1123 1229 considerare

56 1266 191 1328 debent.
223 1267 354 1328 liceatne
384 1279 451 1328 tum
479 1285 588 1345 pacem
612 1286 702 1343 agere
739 1266 813 1327 dein
845 1264 931 1348 quod
965 1268 1125 1349 quaesitur

56 1369 181 1435 satisne
211 1368 298 1448 pium
322 1381 422 1430 tutum
442 1367 623 1444 vgloriosum
648 1386 691 1425 an
721 1366 906 1428 indecorum
933 1368 984 1429 sit.
1010 1367 1069 1427 tibi
1098 1367 1126 1426 si

56 1483 217 1551 perpetua
238 1491 314 1550 pace
334 1470 399 1531 frui
419 1470 502 1529 licet.
544 1466 616 1528 Nisi
637 1469 744 1529 hostes
777 1467 949 1549 opportuni
977 1480 1009 1529 et
1029 1469 1160 1530 scole-m

58 1569 193 1631 stissimi
219 1571 341 1649 egregia
372 1571 455 1630 fama
476 1569 502 1628 si
525 1568 685 1630 Romanos
719 1571 910 1649 oppresseris
942 1572 1047 1631 futura
1069 1582 1125 1632 est.

59 1671 150 1754 Neq.
171 1684 278 1753 petere
300 1672 432 1734 audeam
457 1670 635 1731 societatem
665 1682 696 1729 et
716 1671 832 1730 frustra
853 1671 935 1730 mala
963 1692 1033 1731 mea
1054 1692 1124 1732 cum

23 1773 159 1834 2bonis
180 1773 243 1834 tuis
261 1773 398 1835 misceris
423 1790 541 1851 perem.
571 1782 664 1850 atque
690 1791 829 1851 eaquae
854 1781 885 1829 te
902 1770 1018 1831 morari
1033 1792 1125 1851 posse

60 1871 215 1937 videntur
233 1873 283 1934 ira
302 1873 337 1934 in
358 1873 525 1949 Tigranem
546 1871 679 1932 recentis
702 1871 778 1930 belli
799 1882 830 1931 et
849 1890 936 1930 meae
950 1889 1000 1929 res
1016 1890 1124 1932 rarum

61 1993 236 2054 prosperae
258 1975 285 2036 si
308 1995 384 2037 vera
409 1973 585 2034 existimare
614 1972 702 2037 voles
736 1993 883 2032 maxume
904 1972 1125 2034 hortabuntur.
1135 1993 1161 2033 is

60 2076 118 2137 ille
141 2075 225 2135 enim
251 2075 408 2136 obnoxius
445 2076 569 2156 qualem
596 2086 632 2135 tu
654 2075 743 2136 voles
778 2075 956 2136 societatem
980 2076 1126 2155 accepiet.

62 2175 145 2236 mihi
173 2175 301 2237 fortuna
324 2176 430 2236 multis
462 2177 558 2237 rebus
587 2178 702 2257 ereptis
734 2172 912 2236 usumdedit
942 2175 1022 2234 bene
1054 2197 1126 2237 stia-

62 2273 164 2337 dendi
184 2287 215 2336 et
237 2274 324 2357 quod
345 2276 531 2337 florentibus
560 2278 696 2357 optabile
720 2287 775 2336 est.
799 2295 854 2354 ego
880 2295 944 2336 non
971 2274 1127 2339 validissi-

62 2397 137 2438 mus
160 2379 297 2457 praebeo
319 2378 497 2457 exemplum
520 2399 583 2461 quo
604 2380 718 2441 rectius
733 2390 788 2438 tua
807 2397 987 2457 componas.
1028 2377 1125 2440 Nam·

63 2497 130 2561 que
150 2477 301 2539 Romanis
323 2499 394 2540 cum
416 2477 605 2541 Nationibus
626 2482 752 2561 populis
774 2480 900 2557 regibus
921 2479 1039 2540 cunctis
1061 2502 1163 2550 una20

63 2591 96 2640 et
120 2599 158 2641 ea
180 2590 270 2641 vetus
291 2600 383 2641 causa
403 2579 543 2641 bellandi
564 2595 611 2644 est
630 2581 744 2662 cupido
767 2577 928 2660 profunda
948 2579 1072 2658 imperii
1094 2595 1126 2644 et

63 2679 256 2743 divitiarum.
296 2700 360 2762 qua
387 2683 490 2763 primo
519 2705 590 2743 cum
626 2703 698 2761 rege
735 2679 946 2741 Macedonum
977 2680 1124 2761 Philippo

62 2782 187 2843 bellum
209 2801 381 2862 sumpsere.
403 2780 478 2843 dum
494 2783 771 2862 achartaginensib.
791 2782 1034 2862 praemebamur
1048 2783 1126 2842 ami·

61 2885 173 2946 citiam
194 2883 373 2946 simulantes
397 2884 426 2944 ei
447 2885 684 2946 subvenientem
704 2883 895 2944 Antiochum
926 2882 1125 2944 concessione

60 2985 161 3048 Asiae
178 3005 239 3065 per
266 2981 375 3045 dolum
407 2997 547 3048 avertere
581 3007 616 3047 ac
647 3006 724 3049 mox
754 2986 854 3047 fracto
883 2983 1029 3062 Philippo
1059 2985 1125 3045 An·
1133 3008 1162 3048 ss

61 3088 190 3150 tiochue
214 3087 300 3148 omni
321 3087 364 3147 cis
385 3087 530 3147 *Taurum
562 3108 635 3166 agro
659 3099 689 3148 et
710 3085 914 3147 decemmilib.
935 3085 1124 3170 talentorum

26 3189 219 3270 sepeliatus
242 3199 298 3249 est.
341 3186 457 3248 Persen
488 3186 601 3250 deinde
635 3188 774 3270 Philippi
799 3188 899 3249 filium
924 3196 996 3266 post
1027 3188 1126 3249 multa

62 3291 208 3352 etruria
237 3289 406 3349 certamina
434 3289 518 3369 apud
551 3291 768 3352 Samothracae
796 3289 871 3352 deos
903 3300 1066 3369 acceptum
1090 3290 1125 3350 in

61 3389 163 3454 fidem
201 3387 304 3450 callidi
337 3402 368 3450 et
399 3403 576 3470 repertores
614 3391 762 3472 perfidiae
798 3393 873 3474 quia
906 3402 999 3471 pacto
1030 3391 1126 3453 vitam

140 3533 168 3581 t.
186 3520 337 3581 societatem
355 3536 462 3581 crentur
498 3534 540 3582 13.
559 3532 662 3582 misceri
680 3546 783 3597 sperem
820 3533 862 3580 14.
881 3545 972 3594 perum
1009 3533 1051 3580 16.
1081 3544 1127 3579 ac·

62 3600 150 3670 cipiet
186 3603 230 3653 23.
250 3616 267 3651 a
284 3599 543 3667 Karthaginiensibus
558 3601 742 3669 premebantur
776 3603 821 3652 26.
840 3599 931 3649 decem
950 3598 1054 3649 milibus

105 3740 232 3781 coortus.
268 3731 294 3778 8.
314 3725 457 3796 quaeritur
501 3729 545 3778 10.
570 3721 778 3775 scelestissumi
821 3726 864 3776 12.
886 3739 946 3774 cum
970 3723 1028 3774 tuis
1052 3718 1128 3772 benis

145 3800 188 3848 13.
206 3796 297 3867 Atqui
332 3800 377 3849 22.
392 3795 510 3865 primm
546 3798 591 3848 25.
611 3803 702 3845 tracto

105 3925 151 3974 13.
173 3918 247 3972 bonis
263 3921 331 3988 tuis]
357 3924 403 3974 Sic
427 3923 511 3975 Vatic.
542 3938 580 3990 pr.
652 3923 694 3974 14.
723 3917 827 3984 rorum]
857 3920 942 3974 Vetic.
970 3933 1009 3986 pr.
1039 3920 1125 3972 Vatic.

65 3993 232 4060 Pomponius
251 4000 278 4046 et
296 3994 414 4059 plerique
432 4000 492 4045 ante
515 3994 581 4045 Car·
617 3993 763 4058 Bougarsii.
778 4008 878 4062 perum
897 3990 1042 4044 emendavit
1068 3990 1128 4042 Bri·
1192 4014 1195 4029 ι

66 4068 179 4189 ppprffi.
208 4063 264 4115 tais
291 4062 363 4116 bonis
388 4065 492 4118 Carrio.
513 4066 583 4118 Ger·
604 4063 744 4169 tanmem.
