<?xml version="1.0" encoding="UTF-8"?>
<!DOCTYPE html PUBLIC "-//W3C//DTD XHTML 1.0 Transitional//EN"
    "http://www.w3.org/TR/xhtml1/DTD/xhtml1-transitional.dtd">
<html xmlns="http://www.w3.org/1999/xhtml" xml:lang="en" lang="en">
 <head>
  <title>
</title>
<meta http-equiv="Content-Type" content="text/html;charset=utf-8" />
  <meta name='ocr-system' content='tesseract 3.04.00' />
  <meta name='ocr-capabilities' content='ocr_page ocr_carea ocr_par ocr_line ocrx_word'/>
</head>
<body>
  <div class='ocr_page' id='page_1' title='image "./cvelleipatercul00orelgoog_0154.png"; bbox 0 0 2564 4590; ppageno 0'>
   <div class='ocr_carea' id='block_1_1' title="bbox 491 162 775 293">
    <p class='ocr_par' dir='ltr' id='par_1_1' title="bbox 491 162 775 293">
     <span class='ocr_line' id='line_1_1' title="bbox 491 162 775 293; baseline 0.004 -1"><span class='ocrx_word' id='word_1_1' title='bbox 491 242 541 273; x_wconf 18' lang='grc'>1-</span> <span class='ocrx_word' id='word_1_2' title='bbox 587 215 675 293; x_wconf 80' lang='lat' dir='ltr'>aaa</span> <span class='ocrx_word' id='word_1_3' title='bbox 717 162 775 279; x_wconf 37' lang='lat'>*-</span> 
     </span>
    </p>
   </div>
   <div class='ocr_carea' id='block_1_2' title="bbox 60 394 1228 2917">
    <p class='ocr_par' dir='ltr' id='par_1_2' title="bbox 60 394 1228 2917">
     <span class='ocr_line' id='line_1_2' title="bbox 111 394 1156 478; baseline 0.023 -24"><span class='ocrx_word' id='word_1_4' title='bbox 111 394 217 459; x_wconf 86' lang='lat' dir='ltr'>Africa</span> <span class='ocrx_word' id='word_1_5' title='bbox 238 414 425 464; x_wconf 87' lang='lat' dir='ltr'>meruerant.</span> <span class='ocrx_word' id='word_1_6' title='bbox 469 403 531 465; x_wconf 91' lang='lat' dir='ltr'>Sed</span> <span class='ocrx_word' id='word_1_7' title='bbox 549 403 663 465; x_wconf 78' lang='lat' dir='ltr'>Cossus</span> <span class='ocrx_word' id='word_1_8' title='bbox 676 405 823 469; x_wconf 88' lang='lat' dir='ltr'>victoriae</span> <span class='ocrx_word' id='word_1_9' title='bbox 840 410 1051 475; x_wconf 86' lang='lat' dir='ltr'>testimonium</span> <span class='ocrx_word' id='word_1_10' title='bbox 1064 415 1156 478; x_wconf 89' lang='lat' dir='ltr'>etiam</span> 
     </span>
     <span class='ocr_line' id='line_1_3' title="bbox 110 499 1156 583; baseline 0.021 -26"><span class='ocrx_word' id='word_1_11' title='bbox 110 499 144 558; x_wconf 89' lang='lat' dir='ltr'>in</span> <span class='ocrx_word' id='word_1_12' title='bbox 165 522 338 580; x_wconf 85' lang='lat' dir='ltr'>cognomen</span> <span class='ocrx_word' id='word_1_13' title='bbox 358 503 414 564; x_wconf 90' lang='lat' dir='ltr'>filii</span> <span class='ocrx_word' id='word_1_14' title='bbox 436 507 581 583; x_wconf 86' lang='lat' dir='ltr'>contulit,</span> <span class='ocrx_word' id='word_1_15' title='bbox 605 503 808 570; x_wconf 87' lang='lat' dir='ltr'>adulescentis</span> <span class='ocrx_word' id='word_1_16' title='bbox 835 511 869 571; x_wconf 92' lang='lat' dir='ltr'>in</span> <span class='ocrx_word' id='word_1_17' title='bbox 899 516 1037 576; x_wconf 90' lang='lat' dir='ltr'>omnium</span> <span class='ocrx_word' id='word_1_18' title='bbox 1058 517 1156 578; x_wconf 90' lang='lat' dir='ltr'>virtu-</span> 
     </span>
     <span class='ocr_line' id='line_1_4' title="bbox 78 604 1155 694; baseline 0.019 -35"><span class='ocrx_word' id='word_1_19' title='bbox 78 612 177 668; x_wconf 83' lang='lat' dir='ltr'>3tum</span> <span class='ocrx_word' id='word_1_20' title='bbox 198 604 339 682; x_wconf 91' lang='lat' dir='ltr'>exempla</span> <span class='ocrx_word' id='word_1_21' title='bbox 357 606 462 682; x_wconf 88' lang='lat' dir='ltr'>geniti.</span> <span class='ocrx_word' id='word_1_22' title='bbox 505 607 555 669; x_wconf 89' lang='lat' dir='ltr'>Ad</span> <span class='ocrx_word' id='word_1_23' title='bbox 582 608 743 671; x_wconf 91' lang='lat' dir='ltr'>Postumio</span> <span class='ocrx_word' id='word_1_24' title='bbox 772 632 904 692; x_wconf 87' lang='lat' dir='ltr'>operum</span> <span class='ocrx_word' id='word_1_25' title='bbox 933 614 972 677; x_wconf 86' lang='lat' dir='ltr'>L.</span> <span class='ocrx_word' id='word_1_26' title='bbox 998 617 1155 694; x_wconf 79' lang='lat' dir='ltr'><strong>Apronius</strong></span> 
     </span>
     <span class='ocr_line' id='line_1_5' title="bbox 106 705 1156 794; baseline 0.015 -33"><span class='ocrx_word' id='word_1_27' title='bbox 106 705 265 784; x_wconf 87' lang='lat' dir='ltr'>particeps</span> <span class='ocrx_word' id='word_1_28' title='bbox 273 710 282 782; x_wconf 83' lang='grc'>,’</span> <span class='ocrx_word' id='word_1_29' title='bbox 299 705 352 767; x_wconf 88' lang='lat' dir='ltr'>illa</span> <span class='ocrx_word' id='word_1_30' title='bbox 374 727 499 790; x_wconf 89' lang='lat' dir='ltr'>quoque</span> <span class='ocrx_word' id='word_1_31' title='bbox 520 710 629 770; x_wconf 86' lang='lat' dir='ltr'>militia</span> <span class='ocrx_word' id='word_1_32' title='bbox 655 730 724 787; x_wconf 87' lang='lat' dir='ltr'>eos,</span> <span class='ocrx_word' id='word_1_33' title='bbox 757 735 836 794; x_wconf 93' lang='lat' dir='ltr'>quos</span> <span class='ocrx_word' id='word_1_34' title='bbox 868 735 944 775; x_wconf 93' lang='lat' dir='ltr'>mox</span> <span class='ocrx_word' id='word_1_35' title='bbox 973 728 1156 778; x_wconf 86' lang='lat' dir='ltr'>consecutus</span> 
     </span>
     <span class='ocr_line' id='line_1_6' title="bbox 107 810 1174 879; baseline 0.011 -14"><span class='ocrx_word' id='word_1_36' title='bbox 107 818 175 879; x_wconf 85' lang='lat' dir='ltr'>est,</span> <span class='ocrx_word' id='word_1_37' title='bbox 200 810 334 870; x_wconf 80' lang='lat' dir='ltr'>honores</span> <span class='ocrx_word' id='word_1_38' title='bbox 356 811 517 872; x_wconf 77' lang='lat' dir='ltr'>excellenti</span> <span class='ocrx_word' id='word_1_39' title='bbox 538 811 653 876; x_wconf 83' lang='lat' dir='ltr'>virtute</span> <span class='ocrx_word' id='word_1_40' title='bbox 674 815 797 876; x_wconf 89' lang='lat' dir='ltr'>meruit.</span> <span class='ocrx_word' id='word_1_41' title='bbox 835 815 972 877; x_wconf 81' lang='lat' dir='ltr'>&#39;Utinam</span> <span class='ocrx_word' id='word_1_42' title='bbox 1003 836 1068 878; x_wconf 88' lang='lat' dir='ltr'>non</span> <span class='ocrx_word' id='word_1_43' title='bbox 1091 838 1174 879; x_wconf 74' lang='lat' dir='ltr'>naa-⁵</span> 
     </span>
     <span class='ocr_line' id='line_1_7' title="bbox 106 908 1156 998; baseline 0.01 -31"><span class='ocrx_word' id='word_1_44' title='bbox 106 908 229 968; x_wconf 89' lang='lat' dir='ltr'>ioribus</span> <span class='ocrx_word' id='word_1_45' title='bbox 251 910 469 988; x_wconf 77' lang='lat' dir='ltr'>experimentis</span> <span class='ocrx_word' id='word_1_46' title='bbox 490 925 635 975; x_wconf 88' lang='lat' dir='ltr'>testatum</span> <span class='ocrx_word' id='word_1_47' title='bbox 659 929 754 993; x_wconf 86' lang='lat' dir='ltr'>esset,</span> <span class='ocrx_word' id='word_1_48' title='bbox 778 929 930 998; x_wconf 88' lang='lat' dir='ltr'>quantum</span> <span class='ocrx_word' id='word_1_49' title='bbox 952 919 984 976; x_wconf 88' lang='lat' dir='ltr'>in</span> <span class='ocrx_word' id='word_1_50' title='bbox 1014 917 1100 980; x_wconf 86' lang='lat' dir='ltr'>omni</span> <span class='ocrx_word' id='word_1_51' title='bbox 1121 938 1156 978; x_wconf 88' lang='lat' dir='ltr'>re</span> 
     </span>
     <span class='ocr_line' id='line_1_8' title="bbox 107 1009 1154 1099; baseline 0.012 -31"><span class='ocrx_word' id='word_1_52' title='bbox 107 1010 235 1068; x_wconf 86' lang='lat' dir='ltr'>fortuna</span> <span class='ocrx_word' id='word_1_53' title='bbox 255 1009 376 1088; x_wconf 88' lang='lat' dir='ltr'>posset!</span> <span class='ocrx_word' id='word_1_54' title='bbox 396 1011 450 1073; x_wconf 91' lang='lat' dir='ltr'>sed</span> <span class='ocrx_word' id='word_1_55' title='bbox 471 1015 505 1074; x_wconf 92' lang='lat' dir='ltr'>in</span> <span class='ocrx_word' id='word_1_56' title='bbox 523 1016 593 1078; x_wconf 92' lang='lat' dir='ltr'>loco</span> <span class='ocrx_word' id='word_1_57' title='bbox 620 1037 746 1099; x_wconf 89' lang='lat' dir='ltr'>quoque</span> <span class='ocrx_word' id='word_1_58' title='bbox 770 1039 883 1096; x_wconf 84' lang='lat' dir='ltr'>genere</span> <span class='ocrx_word' id='word_1_59' title='bbox 904 1018 1029 1080; x_wconf 80' lang='lat' dir='ltr'>abunde</span> <span class='ocrx_word' id='word_1_60' title='bbox 1059 1040 1154 1099; x_wconf 90' lang='lat' dir='ltr'>agno·</span> 
     </span>
     <span class='ocr_line' id='line_1_9' title="bbox 107 1111 1155 1200; baseline 0.01 -30"><span class='ocrx_word' id='word_1_61' title='bbox 107 1111 151 1170; x_wconf 92' lang='lat' dir='ltr'>sci</span> <span class='ocrx_word' id='word_1_62' title='bbox 168 1112 214 1174; x_wconf 90' lang='lat' dir='ltr'>vis</span> <span class='ocrx_word' id='word_1_63' title='bbox 235 1116 301 1173; x_wconf 88' lang='lat' dir='ltr'>eius</span> <span class='ocrx_word' id='word_1_64' title='bbox 322 1127 433 1193; x_wconf 85' lang='lat' dir='ltr'>potest.</span> <span class='ocrx_word' id='word_1_65' title='bbox 462 1136 531 1177; x_wconf 87' lang='lat' dir='ltr'>nam</span> <span class='ocrx_word' id='word_1_66' title='bbox 552 1129 583 1176; x_wconf 91' lang='lat' dir='ltr'>et</span> <span class='ocrx_word' id='word_1_67' title='bbox 596 1119 688 1178; x_wconf 91' lang='lat' dir='ltr'>etiam</span> <span class='ocrx_word' id='word_1_68' title='bbox 710 1120 759 1180; x_wconf 86' lang='lat' dir='ltr'>vir</span> <span class='ocrx_word' id='word_1_69' title='bbox 780 1120 985 1200; x_wconf 72' lang='lat' dir='ltr'>antiquissimi</span> <span class='ocrx_word' id='word_1_70' title='bbox 1006 1121 1102 1181; x_wconf 90' lang='lat' dir='ltr'>moris</span> <span class='ocrx_word' id='word_1_71' title='bbox 1124 1134 1155 1181; x_wconf 87' lang='lat' dir='ltr'>et</span> 
     </span>
     <span class='ocr_line' id='line_1_10' title="bbox 107 1215 1153 1299; baseline 0.007 -25"><span class='ocrx_word' id='word_1_72' title='bbox 107 1215 240 1294; x_wconf 82' lang='lat' dir='ltr'>priscam</span> <span class='ocrx_word' id='word_1_73' title='bbox 260 1216 440 1293; x_wconf 87' lang='lat' dir='ltr'>gravitatem</span> <span class='ocrx_word' id='word_1_74' title='bbox 463 1238 586 1298; x_wconf 81' lang='lat' dir='ltr'>semper</span> <span class='ocrx_word' id='word_1_75' title='bbox 606 1221 795 1280; x_wconf 77' lang='lat' dir='ltr'>humanitate</span> <span class='ocrx_word' id='word_1_76' title='bbox 817 1233 1002 1299; x_wconf 83' lang='lat' dir='ltr'>temperans,</span> <span class='ocrx_word' id='word_1_77' title='bbox 1021 1222 1056 1279; x_wconf 90' lang='lat' dir='ltr'>in</span> <span class='ocrx_word' id='word_1_78' title='bbox 1076 1221 1153 1281; x_wconf 89' lang='lat' dir='ltr'>Ger·</span> 
     </span>
     <span class='ocr_line' id='line_1_11' title="bbox 69 1312 1228 1400; baseline 0.005 -26"><span class='ocrx_word' id='word_1_79' title='bbox 69 1312 75 1325; x_wconf 85' lang='grc'><em>’</em></span> <span class='ocrx_word' id='word_1_80' title='bbox 107 1317 212 1375; x_wconf 87' lang='lat' dir='ltr'>mania</span> <span class='ocrx_word' id='word_1_81' title='bbox 231 1317 419 1397; x_wconf 83' lang='lat' dir='ltr'>Illyricoque</span> <span class='ocrx_word' id='word_1_82' title='bbox 443 1331 472 1379; x_wconf 93' lang='lat' dir='ltr'>et</span> <span class='ocrx_word' id='word_1_83' title='bbox 493 1339 569 1379; x_wconf 88' lang='lat' dir='ltr'>mox</span> <span class='ocrx_word' id='word_1_84' title='bbox 585 1321 618 1378; x_wconf 93' lang='lat' dir='ltr'>in</span> <span class='ocrx_word' id='word_1_85' title='bbox 636 1320 743 1380; x_wconf 80' lang='lat' dir='ltr'>Africa</span> <span class='ocrx_word' id='word_1_86' title='bbox 758 1319 1011 1400; x_wconf 80' lang='lat' dir='ltr'>splendidissimis</span> <span class='ocrx_word' id='word_1_87' title='bbox 1029 1322 1153 1382; x_wconf 85' lang='lat' dir='ltr'>functus</span> <span class='ocrx_word' id='word_1_88' title='bbox 1164 1345 1196 1381; x_wconf 81' lang='lat' dir='ltr'>ro·</span> <span class='ocrx_word' id='word_1_89' title='bbox 1226 1386 1228 1391; x_wconf 10' lang='grc' dir='ltr'><em>Α</em></span> 
     </span>
     <span class='ocr_line' id='line_1_12' title="bbox 60 1415 1154 1502; baseline 0.007 -28"><span class='ocrx_word' id='word_1_90' title='bbox 60 1452 84 1480; x_wconf 69' lang='lat' dir='ltr'>a</span> <span class='ocrx_word' id='word_1_91' title='bbox 107 1415 303 1493; x_wconf 87' lang='lat' dir='ltr'>ministeriis,</span> <span class='ocrx_word' id='word_1_92' title='bbox 326 1438 391 1478; x_wconf 91' lang='lat' dir='ltr'>non</span> <span class='ocrx_word' id='word_1_93' title='bbox 418 1421 547 1496; x_wconf 85' lang='lat' dir='ltr'>merito,</span> <span class='ocrx_word' id='word_1_94' title='bbox 585 1419 640 1480; x_wconf 88' lang='lat' dir='ltr'>sed</span> <span class='ocrx_word' id='word_1_95' title='bbox 668 1422 798 1481; x_wconf 90' lang='lat' dir='ltr'>materia</span> <span class='ocrx_word' id='word_1_96' title='bbox 827 1421 1017 1502; x_wconf 89' lang='lat' dir='ltr'>adipiscendi</span> <span class='ocrx_word' id='word_1_97' title='bbox 1044 1425 1154 1484; x_wconf 85' lang='lat' dir='ltr'>trium-</span> 
     </span>
     <span class='ocr_line' id='line_1_13' title="bbox 74 1518 1154 1599; baseline 0.007 -23"><span class='ocrx_word' id='word_1_98' title='bbox 74 1519 212 1598; x_wconf 82' lang='lat' dir='ltr'>4phalia</span> <span class='ocrx_word' id='word_1_99' title='bbox 233 1518 367 1580; x_wconf 84' lang='lat' dir='ltr'>defectus</span> <span class='ocrx_word' id='word_1_100' title='bbox 389 1532 451 1582; x_wconf 85' lang='lat' dir='ltr'>est:</span> <span class='ocrx_word' id='word_1_101' title='bbox 474 1533 505 1582; x_wconf 88' lang='lat' dir='ltr'>et</span> <span class='ocrx_word' id='word_1_102' title='bbox 527 1523 564 1583; x_wconf 83' lang='lat' dir='ltr'>A.</span> <span class='ocrx_word' id='word_1_103' title='bbox 583 1521 723 1582; x_wconf 90' lang='lat' dir='ltr'>Licinius</span> <span class='ocrx_word' id='word_1_104' title='bbox 738 1521 850 1587; x_wconf 86' lang='lat' dir='ltr'>Nerva·</span> <span class='ocrx_word' id='word_1_105' title='bbox 863 1524 1012 1599; x_wconf 86' lang='lat' dir='ltr'>Silianus,</span> <span class='ocrx_word' id='word_1_106' title='bbox 1033 1524 1069 1584; x_wconf 89' lang='lat' dir='ltr'>P.</span> <span class='ocrx_word' id='word_1_107' title='bbox 1086 1523 1154 1584; x_wconf 90' lang='lat' dir='ltr'>Silii</span> 
     </span>
     <span class='ocr_line' id='line_1_14' title="bbox 106 1617 1155 1706; baseline 0.004 -28"><span class='ocrx_word' id='word_1_108' title='bbox 106 1617 205 1696; x_wconf 89' lang='lat' dir='ltr'>filius,</span> <span class='ocrx_word' id='word_1_109' title='bbox 228 1640 320 1701; x_wconf 89' lang='lat' dir='ltr'>quem</span> <span class='ocrx_word' id='word_1_110' title='bbox 339 1621 442 1683; x_wconf 86' lang='lat' dir='ltr'>virum</span> <span class='ocrx_word' id='word_1_111' title='bbox 464 1641 504 1680; x_wconf 93' lang='lat' dir='ltr'>ne</span> <span class='ocrx_word' id='word_1_112' title='bbox 528 1623 583 1703; x_wconf 89' lang='lat' dir='ltr'>qui</span> <span class='ocrx_word' id='word_1_113' title='bbox 603 1623 757 1683; x_wconf 86' lang='lat' dir='ltr'>intellexit</span> <span class='ocrx_word' id='word_1_114' title='bbox 785 1623 912 1706; x_wconf 90' lang='lat' dir='ltr'>quidem</span> <span class='ocrx_word' id='word_1_115' title='bbox 942 1625 1064 1686; x_wconf 89' lang='lat' dir='ltr'>abunde</span> <span class='ocrx_word' id='word_1_116' title='bbox 1095 1626 1155 1684; x_wconf 91' lang='lat' dir='ltr'>mi·</span> 
     </span>
     <span class='ocr_line' id='line_1_15' title="bbox 103 1722 1155 1803; baseline 0.002 -22"><span class='ocrx_word' id='word_1_117' title='bbox 103 1733 192 1781; x_wconf 88' lang='lat' dir='ltr'>ratus</span> <span class='ocrx_word' id='word_1_118' title='bbox 217 1734 277 1797; x_wconf 87' lang='lat' dir='ltr'>est,</span> <span class='ocrx_word' id='word_1_119' title='bbox 297 1742 337 1781; x_wconf 92' lang='lat' dir='ltr'>ne</span> <span class='ocrx_word' id='word_1_120' title='bbox 366 1723 445 1781; x_wconf 87' lang='lat' dir='ltr'>nihil</span> <span class='ocrx_word' id='word_1_121' title='bbox 464 1742 531 1783; x_wconf 91' lang='lat' dir='ltr'>non</span> <span class='ocrx_word' id='word_1_122' title='bbox 562 1723 680 1802; x_wconf 88' lang='lat' dir='ltr'>optimo</span> <span class='ocrx_word' id='word_1_123' title='bbox 705 1722 798 1799; x_wconf 88' lang='lat' dir='ltr'>civis,</span> <span class='ocrx_word' id='word_1_124' title='bbox 827 1724 1053 1803; x_wconf 89' lang='lat' dir='ltr'>simplicissimo</span> <span class='ocrx_word' id='word_1_125' title='bbox 1082 1725 1155 1784; x_wconf 81' lang='lat' dir='ltr'>dtrci</span> 
     </span>
     <span class='ocr_line' id='line_1_16' title="bbox 104 1822 1189 1904; baseline 0.001 -23"><span class='ocrx_word' id='word_1_126' title='bbox 104 1822 250 1902; x_wconf 89' lang='lat' dir='ltr'>perisset,</span> <span class='ocrx_word' id='word_1_127' title='bbox 271 1824 450 1903; x_wconf 81' lang='lat' dir='ltr'>praeferens</span> <span class='ocrx_word' id='word_1_128' title='bbox 474 1822 630 1885; x_wconf 85' lang='lat' dir='ltr'>inmatura</span> <span class='ocrx_word' id='word_1_129' title='bbox 651 1837 681 1885; x_wconf 89' lang='lat' dir='ltr'>et</span> <span class='ocrx_word' id='word_1_130' title='bbox 701 1825 805 1884; x_wconf 82' lang='lat' dir='ltr'>frttctu</span> <span class='ocrx_word' id='word_1_131' title='bbox 835 1825 1040 1904; x_wconf 89' lang='lat' dir='ltr'>amplissimae</span> <span class='ocrx_word' id='word_1_132' title='bbox 1064 1825 1189 1903; x_wconf 78' lang='lat' dir='ltr'>prin-ss</span> 
     </span>
     <span class='ocr_line' id='line_1_17' title="bbox 107 1924 1156 2005; baseline 0.001 -21"><span class='ocrx_word' id='word_1_133' title='bbox 107 1926 184 2005; x_wconf 90' lang='lat' dir='ltr'>cipis</span> <span class='ocrx_word' id='word_1_134' title='bbox 216 1925 364 1986; x_wconf 89' lang='lat' dir='ltr'>amicitiae</span> <span class='ocrx_word' id='word_1_135' title='bbox 400 1938 431 1986; x_wconf 88' lang='lat' dir='ltr'>et</span> <span class='ocrx_word' id='word_1_136' title='bbox 461 1928 725 1988; x_wconf 87' lang='lat' dir='ltr'>consummatione</span> <span class='ocrx_word' id='word_1_137' title='bbox 759 1938 880 1988; x_wconf 85' lang='lat' dir='ltr'>evectae</span> <span class='ocrx_word' id='word_1_138' title='bbox 907 1927 941 1985; x_wconf 92' lang='lat' dir='ltr'>in</span> <span class='ocrx_word' id='word_1_139' title='bbox 974 1924 1156 1985; x_wconf 83' lang='lat' dir='ltr'>altissimum</span> 
     </span>
     <span class='ocr_line' id='line_1_18' title="bbox 73 2026 1155 2108; baseline -0.001 -22"><span class='ocrx_word' id='word_1_140' title='bbox 73 2048 92 2102; x_wconf 82' lang='lat'>5</span> <span class='ocrx_word' id='word_1_141' title='bbox 104 2039 334 2108; x_wconf 86' lang='lat' dir='ltr'>paternumque</span> <span class='ocrx_word' id='word_1_142' title='bbox 361 2026 517 2106; x_wconf 84' lang='lat' dir='ltr'>fastigium</span> <span class='ocrx_word' id='word_1_143' title='bbox 547 2028 688 2107; x_wconf 85' lang='lat' dir='ltr'>imaginis</span> <span class='ocrx_word' id='word_1_144' title='bbox 715 2027 852 2089; x_wconf 83' lang='lat' dir='ltr'>defectus</span> <span class='ocrx_word' id='word_1_145' title='bbox 883 2040 938 2089; x_wconf 89' lang='lat' dir='ltr'>est.</span> <span class='ocrx_word' id='word_1_146' title='bbox 988 2028 1155 2088; x_wconf 89' lang='lat' dir='ltr'>Honorum</span> 
     </span>
     <span class='ocr_line' id='line_1_19' title="bbox 102 2116 1156 2212; baseline -0.004 -22"><span class='ocrx_word' id='word_1_147' title='bbox 102 2129 245 2190; x_wconf 81' lang='lat' dir='ltr'>virorum</span> <span class='ocrx_word' id='word_1_148' title='bbox 267 2116 418 2189; x_wconf 80' lang='lat' dir='ltr'>nlentioni</span> <span class='ocrx_word' id='word_1_149' title='bbox 438 2130 464 2189; x_wconf 85' lang='lat' dir='ltr'>si</span> <span class='ocrx_word' id='word_1_150' title='bbox 486 2129 555 2210; x_wconf 90' lang='lat' dir='ltr'>quis</span> <span class='ocrx_word' id='word_1_151' title='bbox 579 2131 734 2212; x_wconf 86' lang='lat' dir='ltr'>quaesisse</span> <span class='ocrx_word' id='word_1_152' title='bbox 755 2149 805 2190; x_wconf 92' lang='lat' dir='ltr'>me</span> <span class='ocrx_word' id='word_1_153' title='bbox 827 2127 907 2188; x_wconf 87' lang='lat' dir='ltr'>dicet</span> <span class='ocrx_word' id='word_1_154' title='bbox 927 2131 1040 2203; x_wconf 81' lang='lat' dir='ltr'>locum,</span> <span class='ocrx_word' id='word_1_155' title='bbox 1055 2130 1156 2188; x_wconf 86' lang='lat' dir='ltr'>faten-</span> 
     </span>
     <span class='ocr_line' id='line_1_20' title="bbox 103 2227 1156 2310; baseline -0.003 -20"><span class='ocrx_word' id='word_1_156' title='bbox 103 2242 169 2302; x_wconf 82' lang='lat' dir='ltr'>tem</span> <span class='ocrx_word' id='word_1_157' title='bbox 187 2241 304 2308; x_wconf 88' lang='lat' dir='ltr'>arguet.</span> <span class='ocrx_word' id='word_1_158' title='bbox 328 2250 430 2310; x_wconf 90' lang='lat' dir='ltr'>neque</span> <span class='ocrx_word' id='word_1_159' title='bbox 452 2230 534 2291; x_wconf 90' lang='lat' dir='ltr'>enim</span> <span class='ocrx_word' id='word_1_160' title='bbox 554 2230 654 2291; x_wconf 88' lang='lat' dir='ltr'>iustus</span> <span class='ocrx_word' id='word_1_161' title='bbox 674 2231 740 2291; x_wconf 86' lang='lat' dir='ltr'>sine</span> <span class='ocrx_word' id='word_1_162' title='bbox 761 2228 922 2289; x_wconf 87' lang='lat' dir='ltr'>mendacio</span> <span class='ocrx_word' id='word_1_163' title='bbox 941 2227 1058 2290; x_wconf 89' lang='lat' dir='ltr'>candor</span> <span class='ocrx_word' id='word_1_164' title='bbox 1079 2240 1156 2308; x_wconf 90' lang='lat' dir='ltr'>aput</span> 
     </span>
     <span class='ocr_line' id='line_1_21' title="bbox 103 2331 1188 2392; baseline 0.006 -2"><span class='ocrx_word' id='word_1_165' title='bbox 103 2332 208 2391; x_wconf 88' lang='lat' dir='ltr'>bonos</span> <span class='ocrx_word' id='word_1_166' title='bbox 230 2331 351 2391; x_wconf 88' lang='lat' dir='ltr'>crimini</span> <span class='ocrx_word' id='word_1_167' title='bbox 372 2343 428 2392; x_wconf 89' lang='lat' dir='ltr'>est.</span> <span class='ocrx_word' id='word_1_168' title='bbox 1158 2346 1188 2386; x_wconf 76' lang='lat'>2⁰</span> 
     </span>
     <span class='ocr_line' id='line_1_22' title="bbox 71 2429 1153 2514; baseline 0 -22"><span class='ocrx_word' id='word_1_169' title='bbox 71 2449 87 2500; x_wconf 91' lang='lat' dir='ltr'>l</span> <span class='ocrx_word' id='word_1_170' title='bbox 191 2431 320 2497; x_wconf 80' lang='lat' dir='ltr'><strong>CXVH.</strong></span> <span class='ocrx_word' id='word_1_171' title='bbox 363 2434 498 2493; x_wconf 87' lang='lat' dir='ltr'>Tantum</span> <span class='ocrx_word' id='word_1_172' title='bbox 510 2431 595 2514; x_wconf 92' lang='lat' dir='ltr'>quod</span> <span class='ocrx_word' id='word_1_173' title='bbox 610 2430 751 2494; x_wconf 90' lang='lat' dir='ltr'>ultimam</span> <span class='ocrx_word' id='word_1_174' title='bbox 766 2431 957 2510; x_wconf 86' lang='lat' dir='ltr'>imposuerat</span> <span class='ocrx_word' id='word_1_175' title='bbox 970 2429 1153 2492; x_wconf 86' lang='lat' dir='ltr'>Pannonico</span> 
     </span>
     <span class='ocr_line' id='line_1_23' title="bbox 106 2525 1152 2612; baseline -0.008 -16"><span class='ocrx_word' id='word_1_176' title='bbox 106 2559 142 2597; x_wconf 92' lang='lat' dir='ltr'>ac</span> <span class='ocrx_word' id='word_1_177' title='bbox 166 2536 339 2597; x_wconf 87' lang='lat' dir='ltr'>Delmatico</span> <span class='ocrx_word' id='word_1_178' title='bbox 365 2535 448 2595; x_wconf 87' lang='lat' dir='ltr'>bello</span> <span class='ocrx_word' id='word_1_179' title='bbox 479 2534 594 2610; x_wconf 84' lang='lat' dir='ltr'>Caesar</span> <span class='ocrx_word' id='word_1_180' title='bbox 617 2552 762 2609; x_wconf 89' lang='lat' dir='ltr'>manum,</span> <span class='ocrx_word' id='word_1_181' title='bbox 797 2553 867 2592; x_wconf 93' lang='lat' dir='ltr'>cum</span> <span class='ocrx_word' id='word_1_182' title='bbox 899 2525 983 2592; x_wconf 81' lang='lat' dir='ltr'>intra</span> <span class='ocrx_word' id='word_1_183' title='bbox 1013 2532 1152 2612; x_wconf 89' lang='lat' dir='ltr'>quinque</span> 
     </span>
     <span class='ocr_line' id='line_1_24' title="bbox 105 2633 1153 2716; baseline -0.01 -16"><span class='ocrx_word' id='word_1_184' title='bbox 105 2638 311 2702; x_wconf 89' lang='lat' dir='ltr'>consummati</span> <span class='ocrx_word' id='word_1_185' title='bbox 332 2637 409 2697; x_wconf 89' lang='lat' dir='ltr'>tanti</span> <span class='ocrx_word' id='word_1_186' title='bbox 431 2636 534 2716; x_wconf 88' lang='lat' dir='ltr'>operis</span> <span class='ocrx_word' id='word_1_187' title='bbox 555 2635 619 2698; x_wconf 91' lang='lat' dir='ltr'>dies</span> <span class='ocrx_word' id='word_1_188' title='bbox 636 2638 776 2696; x_wconf 84' lang='lat' dir='ltr'>funestae</span> <span class='ocrx_word' id='word_1_189' title='bbox 798 2655 838 2694; x_wconf 92' lang='lat' dir='ltr'>ex</span> <span class='ocrx_word' id='word_1_190' title='bbox 854 2633 1021 2694; x_wconf 88' lang='lat' dir='ltr'>Germania</span> <span class='ocrx_word' id='word_1_191' title='bbox 1037 2633 1153 2710; x_wconf 90' lang='lat' dir='ltr'>epistu-</span> 
     </span>
     <span class='ocr_line' id='line_1_25' title="bbox 104 2731 1153 2817; baseline -0.012 -16"><span class='ocrx_word' id='word_1_192' title='bbox 104 2745 154 2802; x_wconf 88' lang='lat' dir='ltr'>lae</span> <span class='ocrx_word' id='word_1_193' title='bbox 177 2741 257 2802; x_wconf 86' lang='lat' dir='ltr'>caesi</span> <span class='ocrx_word' id='word_1_194' title='bbox 276 2738 356 2800; x_wconf 84' lang='lat' dir='ltr'>Vari</span> <span class='ocrx_word' id='word_1_195' title='bbox 375 2737 659 2817; x_wconf 78' lang='lat' dir='ltr'>trucidaturumque</span> <span class='ocrx_word' id='word_1_196' title='bbox 676 2736 835 2814; x_wconf 84' lang='lat' dir='ltr'>legionum</span> <span class='ocrx_word' id='word_1_197' title='bbox 853 2735 946 2794; x_wconf 89' lang='lat' dir='ltr'>trium</span> <span class='ocrx_word' id='word_1_198' title='bbox 961 2731 1153 2813; x_wconf 89' lang='lat' dir='ltr'>totidemque</span> 
     </span>
     <span class='ocr_line' id='line_1_26' title="bbox 104 2830 1188 2917; baseline -0.009 -15"><span class='ocrx_word' id='word_1_199' title='bbox 104 2845 228 2904; x_wconf 88' lang='lat' dir='ltr'>alarum</span> <span class='ocrx_word' id='word_1_200' title='bbox 244 2837 279 2903; x_wconf 60' lang='lat' dir='ltr'>et&#39;</span> <span class='ocrx_word' id='word_1_201' title='bbox 291 2861 347 2915; x_wconf 82' lang='lat' dir='ltr'>sex</span> <span class='ocrx_word' id='word_1_202' title='bbox 364 2840 548 2917; x_wconf 81' lang='lat' dir='ltr'>cohortium,</span> <span class='ocrx_word' id='word_1_203' title='bbox 569 2840 655 2902; x_wconf 91' lang='lat' dir='ltr'>velut</span> <span class='ocrx_word' id='word_1_204' title='bbox 677 2839 711 2898; x_wconf 92' lang='lat' dir='ltr'>in</span> <span class='ocrx_word' id='word_1_205' title='bbox 727 2840 787 2898; x_wconf 90' lang='lat' dir='ltr'>hoc</span> <span class='ocrx_word' id='word_1_206' title='bbox 810 2839 918 2896; x_wconf 85' lang='lat' dir='ltr'>saltem</span> <span class='ocrx_word' id='word_1_207' title='bbox 939 2830 1188 2894; x_wconf 80' lang='lat' dir='ltr'>tantummodors</span> 
     </span>
    </p>
   </div>
   <div class='ocr_carea' id='block_1_3' title="bbox 105 2986 1156 3186">
    <p class='ocr_par' dir='ltr' id='par_1_3' title="bbox 105 2986 1156 3186">
     <span class='ocr_line' id='line_1_27' title="bbox 179 2986 1156 3056; baseline -0.007 -13"><span class='ocrx_word' id='word_1_208' title='bbox 179 2997 204 3043; x_wconf 77' lang='lat'>3.</span> <span class='ocrx_word' id='word_1_209' title='bbox 225 2993 259 3044; x_wconf 79' lang='lat' dir='ltr'>tt</span> <span class='ocrx_word' id='word_1_210' title='bbox 275 2993 411 3044; x_wconf 85' lang='lat' dir='ltr'>Postumio</span> <span class='ocrx_word' id='word_1_211' title='bbox 447 2996 472 3043; x_wconf 77' lang='lat' dir='ltr'>t.</span> <span class='ocrx_word' id='word_1_212' title='bbox 491 2993 517 3051; x_wconf 82' lang='lat' dir='ltr'>in</span> <span class='ocrx_word' id='word_1_213' title='bbox 536 2991 585 3043; x_wconf 92' lang='lat' dir='ltr'>hoc</span> <span class='ocrx_word' id='word_1_214' title='bbox 603 3005 706 3056; x_wconf 76' lang='lat' dir='ltr'>qaroque</span> <span class='ocrx_word' id='word_1_215' title='bbox 742 2994 768 3040; x_wconf 83' lang='lat'>8.</span> <span class='ocrx_word' id='word_1_216' title='bbox 788 3003 845 3039; x_wconf 82' lang='lat' dir='ltr'>num</span> <span class='ocrx_word' id='word_1_217' title='bbox 858 2994 884 3039; x_wconf 91' lang='lat' dir='ltr'>et</span> <span class='ocrx_word' id='word_1_218' title='bbox 900 2986 990 3039; x_wconf 86' lang='lat' dir='ltr'>Aelius</span> <span class='ocrx_word' id='word_1_219' title='bbox 1003 2987 1101 3051; x_wconf 78' lang='lat' dir='ltr'>Lamia,</span> <span class='ocrx_word' id='word_1_220' title='bbox 1118 2987 1156 3036; x_wconf 85' lang='lat' dir='ltr'>vir</span> 
     </span>
     <span class='ocr_line' id='line_1_28' title="bbox 108 3058 1154 3129; baseline -0.007 -15"><span class='ocrx_word' id='word_1_221' title='bbox 108 3067 150 3114; x_wconf 82' lang='lat'>14.</span> <span class='ocrx_word' id='word_1_222' title='bbox 169 3063 218 3114; x_wconf 84' lang='lat' dir='ltr'>ciri</span> <span class='ocrx_word' id='word_1_223' title='bbox 254 3066 296 3115; x_wconf 86' lang='lat'>15.</span> <span class='ocrx_word' id='word_1_224' title='bbox 322 3068 468 3129; x_wconf 74' lang='lat' dir='ltr'>praeturam</span> <span class='ocrx_word' id='word_1_225' title='bbox 494 3077 587 3128; x_wconf 83' lang='lat' dir='ltr'>gerens</span> <span class='ocrx_word' id='word_1_226' title='bbox 612 3063 739 3114; x_wconf 86' lang='lat' dir='ltr'>inmatura</span> <span class='ocrx_word' id='word_1_227' title='bbox 764 3064 847 3112; x_wconf 85' lang='lat' dir='ltr'>morto</span> <span class='ocrx_word' id='word_1_228' title='bbox 884 3062 926 3111; x_wconf 80' lang='lat' dir='ltr'>lt.</span> <span class='ocrx_word' id='word_1_229' title='bbox 951 3058 1076 3125; x_wconf 87' lang='lat' dir='ltr'>deceptus</span> <span class='ocrx_word' id='word_1_230' title='bbox 1106 3063 1154 3108; x_wconf 87' lang='lat' dir='ltr'>est.</span> 
     </span>
     <span class='ocr_line' id='line_1_29' title="bbox 105 3135 416 3186; baseline -0.006 0"><span class='ocrx_word' id='word_1_231' title='bbox 105 3135 209 3186; x_wconf 84' lang='lat' dir='ltr'>Horum</span> <span class='ocrx_word' id='word_1_232' title='bbox 244 3137 288 3184; x_wconf 80' lang='lat'>25.</span> <span class='ocrx_word' id='word_1_233' title='bbox 305 3135 416 3185; x_wconf 86' lang='lat' dir='ltr'>salutem</span> 
     </span>
    </p>
   </div>
   <div class='ocr_carea' id='block_1_4' title="bbox 76 3248 1181 4241">
    <p class='ocr_par' dir='ltr' id='par_1_4' title="bbox 105 3248 1181 3466">
     <span class='ocr_line' id='line_1_30' title="bbox 142 3248 1181 3326; baseline -0.007 -16"><span class='ocrx_word' id='word_1_234' title='bbox 142 3263 171 3310; x_wconf 77' lang='grc'>3.</span> <span class='ocrx_word' id='word_1_235' title='bbox 189 3257 238 3308; x_wconf 85' lang='lat' dir='ltr'>Ad</span> <span class='ocrx_word' id='word_1_236' title='bbox 251 3257 400 3323; x_wconf 81' lang='lat' dir='ltr'>Postumio]</span> <span class='ocrx_word' id='word_1_237' title='bbox 420 3257 476 3311; x_wconf 80' lang='lat' dir='ltr'>AB.</span> <span class='ocrx_word' id='word_1_238' title='bbox 496 3259 539 3311; x_wconf 81' lang='lat' dir='ltr'>At</span> <span class='ocrx_word' id='word_1_239' title='bbox 559 3262 615 3309; x_wconf 88' lang='lat' dir='ltr'>Po-</span> <span class='ocrx_word' id='word_1_240' title='bbox 649 3258 746 3321; x_wconf 84' lang='lat' dir='ltr'>bitror,</span> <span class='ocrx_word' id='word_1_241' title='bbox 762 3248 876 3308; x_wconf 82' lang='lat' dir='ltr'>scilicet:</span> <span class='ocrx_word' id='word_1_242' title='bbox 893 3263 1050 3323; x_wconf 72' lang='lat' dir='ltr'>praclarum</span> <span class='ocrx_word' id='word_1_243' title='bbox 1061 3271 1155 3326; x_wconf 82' lang='lat' dir='ltr'>gerens</span> <span class='ocrx_word' id='word_1_244' title='bbox 1173 3265 1181 3275; x_wconf 85' lang='lat'><strong><em>‘</em></strong></span> 
     </span>
     <span class='ocr_line' id='line_1_31' title="bbox 105 3326 1154 3386; baseline -0.004 -6"><span class='ocrx_word' id='word_1_245' title='bbox 105 3328 192 3380; x_wconf 82' lang='lat' dir='ltr'>stumi</span> <span class='ocrx_word' id='word_1_246' title='bbox 224 3328 299 3380; x_wconf 89' lang='lat' dir='ltr'>PbR.</span> <span class='ocrx_word' id='word_1_247' title='bbox 335 3329 442 3381; x_wconf 76' lang='lat' dir='ltr'>Datlvus</span> <span class='ocrx_word' id='word_1_248' title='bbox 477 3329 615 3380; x_wconf 83' lang='lat' dir='ltr'>Postumio</span> <span class='ocrx_word' id='word_1_249' title='bbox 649 3328 788 3379; x_wconf 80' lang='lat' dir='ltr'>inmatura</span> <span class='ocrx_word' id='word_1_250' title='bbox 817 3334 913 3386; x_wconf 77' lang='lat' dir='ltr'>morte5</span> <span class='ocrx_word' id='word_1_251' title='bbox 939 3333 967 3377; x_wconf 82' lang='lat' dir='ltr'>ut</span> <span class='ocrx_word' id='word_1_252' title='bbox 998 3327 1061 3377; x_wconf 82' lang='lat' dir='ltr'>attbt</span> <span class='ocrx_word' id='word_1_253' title='bbox 1083 3326 1154 3376; x_wconf 74' lang='lat'><em>008.</em></span> 
     </span>
     <span class='ocr_line' id='line_1_32' title="bbox 105 3395 1156 3466; baseline -0.007 -13"><span class='ocrx_word' id='word_1_254' title='bbox 105 3404 180 3452; x_wconf 85' lang='lat' dir='ltr'>recte</span> <span class='ocrx_word' id='word_1_255' title='bbox 198 3413 227 3449; x_wconf 84' lang='lat' dir='ltr'>se</span> <span class='ocrx_word' id='word_1_256' title='bbox 248 3396 333 3450; x_wconf 84' lang='lat' dir='ltr'>habet.</span> <span class='ocrx_word' id='word_1_257' title='bbox 651 3415 698 3466; x_wconf 89' lang='lat' dir='ltr'>pro</span> <span class='ocrx_word' id='word_1_258' title='bbox 716 3395 889 3460; x_wconf 78' lang='lat' dir='ltr'>consulatus,</span> <span class='ocrx_word' id='word_1_259' title='bbox 913 3397 950 3448; x_wconf 87' lang='lat' dir='ltr'>sic</span> <span class='ocrx_word' id='word_1_260' title='bbox 968 3395 992 3447; x_wconf 91' lang='lat' dir='ltr'>h.</span> <span class='ocrx_word' id='word_1_261' title='bbox 1011 3398 1027 3447; x_wconf 92' lang='lat' dir='ltr'>l.</span> <span class='ocrx_word' id='word_1_262' title='bbox 1046 3396 1156 3446; x_wconf 81' lang='lat' dir='ltr'>tortasse</span> 
     </span>
    </p>

    <p class='ocr_par' dir='ltr' id='par_1_5' title="bbox 140 3464 1157 3534">
     <span class='ocr_line' id='line_1_33' title="bbox 140 3464 1157 3534; baseline -0.006 -14"><span class='ocrx_word' id='word_1_263' title='bbox 140 3474 170 3520; x_wconf 74' lang='grc'>7.</span> <span class='ocrx_word' id='word_1_264' title='bbox 188 3468 254 3534; x_wconf 88' lang='lat' dir='ltr'>loco]</span> <span class='ocrx_word' id='word_1_265' title='bbox 274 3470 327 3520; x_wconf 84' lang='grc' dir='ltr'>ΑΡ.</span> <span class='ocrx_word' id='word_1_266' title='bbox 345 3469 394 3520; x_wconf 86' lang='lat' dir='ltr'>hoc</span> <span class='ocrx_word' id='word_1_267' title='bbox 413 3470 465 3521; x_wconf 80' lang='lat' dir='ltr'>ott.</span> <span class='ocrx_word' id='word_1_268' title='bbox 650 3470 773 3534; x_wconf 87' lang='lat' dir='ltr'>scriptum</span> <span class='ocrx_word' id='word_1_269' title='bbox 791 3467 888 3517; x_wconf 87' lang='lat' dir='ltr'>invenit</span> <span class='ocrx_word' id='word_1_270' title='bbox 900 3469 958 3516; x_wconf 82' lang='lat' dir='ltr'>PR.</span> <span class='ocrx_word' id='word_1_271' title='bbox 969 3483 1072 3534; x_wconf 81' lang='lat' dir='ltr'>gerens,</span> <span class='ocrx_word' id='word_1_272' title='bbox 1088 3464 1157 3515; x_wconf 90' lang='lat' dir='ltr'>uude</span> 
     </span>
    </p>

    <p class='ocr_par' dir='ltr' id='par_1_6' title="bbox 76 3535 1158 3674">
     <span class='ocr_line' id='line_1_34' title="bbox 76 3535 1158 3605; baseline -0.005 -16"><span class='ocrx_word' id='word_1_273' title='bbox 76 3578 84 3589; x_wconf 88' lang='lat'><em>.</em></span> <span class='ocrx_word' id='word_1_274' title='bbox 141 3542 171 3592; x_wconf 83' lang='grc'>8.</span> <span class='ocrx_word' id='word_1_275' title='bbox 188 3556 250 3588; x_wconf 84' lang='lat' dir='ltr'>nam</span> <span class='ocrx_word' id='word_1_276' title='bbox 269 3538 387 3589; x_wconf 80' lang='lat' dir='ltr'>etetiam</span> <span class='ocrx_word' id='word_1_277' title='bbox 400 3540 613 3605; x_wconf 61' lang='lat' dir='ltr'>virtnPRaam</span> <span class='ocrx_word' id='word_1_278' title='bbox 650 3539 745 3589; x_wconf 79' lang='lat' dir='ltr'>sactum</span> <span class='ocrx_word' id='word_1_279' title='bbox 766 3535 938 3604; x_wconf 72' lang='lat' dir='ltr'>praeferam,</span> <span class='ocrx_word' id='word_1_280' title='bbox 962 3543 1047 3583; x_wconf 79' lang='lat' dir='ltr'>ntorte</span> <span class='ocrx_word' id='word_1_281' title='bbox 1071 3539 1158 3584; x_wconf 84' lang='lat' dir='ltr'>autem</span> 
     </span>
     <span class='ocr_line' id='line_1_35' title="bbox 104 3605 1044 3674; baseline -0.011 -13"><span class='ocrx_word' id='word_1_282' title='bbox 104 3618 135 3661; x_wconf 77' lang='lat' dir='ltr'>et</span> <span class='ocrx_word' id='word_1_283' title='bbox 164 3608 262 3660; x_wconf 81' lang='lat' dir='ltr'>Aelius</span> <span class='ocrx_word' id='word_1_284' title='bbox 293 3609 406 3674; x_wconf 81' lang='lat' dir='ltr'>Lamia,</span> <span class='ocrx_word' id='word_1_285' title='bbox 431 3609 473 3660; x_wconf 79' lang='lat' dir='ltr'>vir</span> <span class='ocrx_word' id='word_1_286' title='bbox 509 3608 614 3661; x_wconf 87' lang='lat' dir='ltr'>Ruhnk.</span> <span class='ocrx_word' id='word_1_287' title='bbox 649 3608 799 3672; x_wconf 89' lang='lat' dir='ltr'>absorptum</span> <span class='ocrx_word' id='word_1_288' title='bbox 817 3621 832 3655; x_wconf 89' lang='lat' dir='ltr'>a</span> <span class='ocrx_word' id='word_1_289' title='bbox 850 3605 908 3668; x_wconf 88' lang='lat' dir='ltr'>sylt.</span> <span class='ocrx_word' id='word_1_290' title='bbox 926 3611 1044 3651; x_wconf 70' lang='lat' dir='ltr'>aratura.</span> 
     </span>
    </p>

    <p class='ocr_par' dir='ltr' id='par_1_7' title="bbox 101 3671 1172 3814">
     <span class='ocr_line' id='line_1_36' title="bbox 102 3671 1172 3747; baseline -0.011 -16"><span class='ocrx_word' id='word_1_291' title='bbox 102 3681 182 3746; x_wconf 82' lang='lat' dir='ltr'>(nam</span> <span class='ocrx_word' id='word_1_292' title='bbox 209 3681 235 3733; x_wconf 85' lang='lat'>0.</span> <span class='ocrx_word' id='word_1_293' title='bbox 260 3680 383 3743; x_wconf 85' lang='lat' dir='ltr'>Sentius,</span> <span class='ocrx_word' id='word_1_294' title='bbox 408 3680 459 3730; x_wconf 83' lang='lat' dir='ltr'>vir·</span> <span class='ocrx_word' id='word_1_295' title='bbox 474 3679 615 3747; x_wconf 82' lang='lat' dir='ltr'>Biponttni.</span> <span class='ocrx_word' id='word_1_296' title='bbox 689 3681 730 3727; x_wconf 81' lang='lat' dir='ltr'>tr.</span> <span class='ocrx_word' id='word_1_297' title='bbox 748 3672 880 3742; x_wconf 80' lang='lat' dir='ltr'>defectus]</span> <span class='ocrx_word' id='word_1_298' title='bbox 907 3672 1006 3725; x_wconf 77' lang='lat' dir='ltr'>thR.</span> <span class='ocrx_word' id='word_1_299' title='bbox 1035 3671 1172 3744; x_wconf 35' lang='lat' dir='ltr'>deceptus·</span> 
     </span>
     <span class='ocr_line' id='line_1_37' title="bbox 101 3748 818 3814; baseline -0.006 -14"><span class='ocrx_word' id='word_1_300' title='bbox 101 3757 216 3805; x_wconf 79' lang='lat' dir='ltr'>namet</span> <span class='ocrx_word' id='word_1_301' title='bbox 234 3748 364 3814; x_wconf 81' lang='lat' dir='ltr'>Seianus,</span> <span class='ocrx_word' id='word_1_302' title='bbox 381 3750 423 3800; x_wconf 82' lang='lat' dir='ltr'>vir</span> <span class='ocrx_word' id='word_1_303' title='bbox 440 3748 477 3814; x_wconf 88' lang='lat' dir='ltr'>b.)</span> <span class='ocrx_word' id='word_1_304' title='bbox 603 3760 608 3768; x_wconf 61' lang='lat'><strong>⁴</strong></span> <span class='ocrx_word' id='word_1_305' title='bbox 648 3748 818 3799; x_wconf 67' lang='lat' dir='ltr'>Burmannus</span> 
     </span>
    </p>

    <p class='ocr_par' dir='ltr' id='par_1_8' title="bbox 133 3810 1160 3886">
     <span class='ocr_line' id='line_1_38' title="bbox 133 3810 1160 3886; baseline -0.011 -14"><span class='ocrx_word' id='word_1_306' title='bbox 133 3822 187 3872; x_wconf 79' lang='lat'>-14.</span> <span class='ocrx_word' id='word_1_307' title='bbox 205 3818 274 3869; x_wconf 82' lang='lat' dir='ltr'>nihil</span> <span class='ocrx_word' id='word_1_308' title='bbox 288 3820 352 3886; x_wconf 83' lang='lat' dir='ltr'>non]</span> <span class='ocrx_word' id='word_1_309' title='bbox 371 3821 452 3872; x_wconf 76' lang='lat' dir='ltr'><strong>ABR.</strong></span> <span class='ocrx_word' id='word_1_310' title='bbox 481 3817 550 3870; x_wconf 79' lang='lat' dir='ltr'>nihil</span> <span class='ocrx_word' id='word_1_311' title='bbox 566 3818 615 3870; x_wconf 83' lang='lat' dir='ltr'>Pb.</span> <span class='ocrx_word' id='word_1_312' title='bbox 687 3822 730 3869; x_wconf 75' lang='lat' dir='ltr'>li.</span> <span class='ocrx_word' id='word_1_313' title='bbox 750 3813 898 3880; x_wconf 84' lang='lat' dir='ltr'>Honorum]</span> <span class='ocrx_word' id='word_1_314' title='bbox 916 3813 969 3865; x_wconf 74' lang='lat' dir='ltr'>AB.</span> <span class='ocrx_word' id='word_1_315' title='bbox 991 3814 1095 3862; x_wconf 82' lang='lat' dir='ltr'>Horum</span> <span class='ocrx_word' id='word_1_316' title='bbox 1105 3810 1160 3861; x_wconf 78' lang='grc'><strong>811-</strong></span> 
     </span>
    </p>

    <p class='ocr_par' dir='ltr' id='par_1_9' title="bbox 143 3886 955 3956">
     <span class='ocr_line' id='line_1_39' title="bbox 143 3886 955 3956; baseline -0.01 -14"><span class='ocrx_word' id='word_1_317' title='bbox 143 3893 190 3943; x_wconf 77' lang='grc'>14.</span> <span class='ocrx_word' id='word_1_318' title='bbox 207 3888 283 3955; x_wconf 80' lang='lat' dir='ltr'>civis]</span> <span class='ocrx_word' id='word_1_319' title='bbox 302 3891 333 3942; x_wconf 75' lang='lat' dir='ltr'>A.</span> <span class='ocrx_word' id='word_1_320' title='bbox 353 3891 405 3941; x_wconf 83' lang='lat' dir='ltr'>civi</span> <span class='ocrx_word' id='word_1_321' title='bbox 423 3891 476 3956; x_wconf 88' lang='lat' dir='ltr'>(B.)</span> <span class='ocrx_word' id='word_1_322' title='bbox 494 3890 568 3949; x_wconf 86' lang='lat' dir='ltr'>PbR.</span> <span class='ocrx_word' id='word_1_323' title='bbox 651 3903 701 3940; x_wconf 85' lang='lat' dir='ltr'>rer.</span> <span class='ocrx_word' id='word_1_324' title='bbox 719 3887 770 3938; x_wconf 81' lang='lat' dir='ltr'>ott.</span> <span class='ocrx_word' id='word_1_325' title='bbox 789 3887 908 3953; x_wconf 80' lang='lat' dir='ltr'>Quorum</span> <span class='ocrx_word' id='word_1_326' title='bbox 924 3886 955 3935; x_wconf 91' lang='lat' dir='ltr'>P.</span> 
     </span>
    </p>

    <p class='ocr_par' dir='ltr' id='par_1_10' title="bbox 102 3947 1160 4241">
     <span class='ocr_line' id='line_1_40' title="bbox 144 3947 1160 4029; baseline -0.012 -17"><span class='ocrx_word' id='word_1_327' title='bbox 144 3963 190 4012; x_wconf 78' lang='lat'>15.</span> <span class='ocrx_word' id='word_1_328' title='bbox 207 3959 363 4029; x_wconf 83' lang='lat' dir='ltr'>praeferens</span> <span class='ocrx_word' id='word_1_329' title='bbox 375 3961 523 4026; x_wconf 79' lang='lat' dir='ltr'>inmatura]</span> <span class='ocrx_word' id='word_1_330' title='bbox 537 3960 616 4011; x_wconf 73' lang='lat' dir='ltr'><strong>APR.</strong></span> <span class='ocrx_word' id='word_1_331' title='bbox 687 3963 731 4010; x_wconf 78' lang='lat'>25.</span> <span class='ocrx_word' id='word_1_332' title='bbox 746 3954 925 4022; x_wconf 76' lang='lat' dir='ltr'>soltemJAPb·</span> <span class='ocrx_word' id='word_1_333' title='bbox 938 3947 1160 4016; x_wconf 81' lang='lat' dir='ltr'>salntemSclteg-</span> 
     </span>
     <span class='ocr_line' id='line_1_41' title="bbox 105 4029 796 4096; baseline -0.007 -12"><span class='ocrx_word' id='word_1_334' title='bbox 105 4030 188 4084; x_wconf 80' lang='lat' dir='ltr'>Attud</span> <span class='ocrx_word' id='word_1_335' title='bbox 207 4031 273 4096; x_wconf 82' lang='lat' dir='ltr'>quid</span> <span class='ocrx_word' id='word_1_336' title='bbox 287 4046 363 4094; x_wconf 85' lang='lat' dir='ltr'>quam</span> <span class='ocrx_word' id='word_1_337' title='bbox 378 4031 480 4082; x_wconf 84' lang='lat' dir='ltr'>Gelenii</span> <span class='ocrx_word' id='word_1_338' title='bbox 497 4029 617 4081; x_wconf 85' lang='lat' dir='ltr'>aRulut·</span> <span class='ocrx_word' id='word_1_339' title='bbox 653 4032 718 4082; x_wconf 81' lang='lat' dir='ltr'>ltius.</span> <span class='ocrx_word' id='word_1_340' title='bbox 738 4029 772 4082; x_wconf 79' lang='lat' dir='ltr'>tt.</span> <span class='ocrx_word' id='word_1_341' title='bbox 791 4067 796 4074; x_wconf 83' lang='grc'><strong>.</strong></span> 
     </span>
     <span class='ocr_line' id='line_1_42' title="bbox 104 4093 1160 4168; baseline -0.013 -13"><span class='ocrx_word' id='word_1_342' title='bbox 104 4102 188 4155; x_wconf 73' lang='lat' dir='ltr'>lenio</span> <span class='ocrx_word' id='word_1_343' title='bbox 206 4101 343 4168; x_wconf 82' lang='lat' dir='ltr'>probatum</span> <span class='ocrx_word' id='word_1_344' title='bbox 357 4109 515 4168; x_wconf 79' lang='lat' dir='ltr'>praereptus</span> <span class='ocrx_word' id='word_1_345' title='bbox 531 4101 619 4150; x_wconf 74' lang='lat' dir='ltr'>inuia·</span> <span class='ocrx_word' id='word_1_346' title='bbox 688 4103 732 4152; x_wconf 78' lang='lat'>25.</span> <span class='ocrx_word' id='word_1_347' title='bbox 750 4094 944 4162; x_wconf 78' lang='lat' dir='ltr'>tantummodo]</span> <span class='ocrx_word' id='word_1_348' title='bbox 967 4093 1063 4147; x_wconf 80' lang='lat' dir='ltr'>APbR.</span> <span class='ocrx_word' id='word_1_349' title='bbox 1082 4100 1160 4144; x_wconf 80' lang='lat' dir='ltr'>tanto</span> 
     </span>
     <span class='ocr_line' id='line_1_43' title="bbox 102 4167 869 4241; baseline -0.01 -16"><span class='ocrx_word' id='word_1_350' title='bbox 102 4181 171 4225; x_wconf 81' lang='lat' dir='ltr'>turs</span> <span class='ocrx_word' id='word_1_351' title='bbox 188 4172 214 4226; x_wconf 92' lang='lat' dir='ltr'>in</span> <span class='ocrx_word' id='word_1_352' title='bbox 235 4171 300 4225; x_wconf 87' lang='lat' dir='ltr'>Cod.</span> <span class='ocrx_word' id='word_1_353' title='bbox 317 4175 445 4241; x_wconf 84' lang='lat' dir='ltr'>scriptura</span> <span class='ocrx_word' id='word_1_354' title='bbox 470 4172 550 4223; x_wconf 85' lang='lat' dir='ltr'>lutere</span> <span class='ocrx_word' id='word_1_355' title='bbox 576 4185 620 4223; x_wconf 84' lang='lat' dir='ltr'>ur·</span> <span class='ocrx_word' id='word_1_356' title='bbox 655 4171 683 4223; x_wconf 82' lang='lat' dir='ltr'>in</span> <span class='ocrx_word' id='word_1_357' title='bbox 701 4168 771 4220; x_wconf 69' lang='lat' dir='ltr'>niceto</span> <span class='ocrx_word' id='word_1_358' title='bbox 790 4167 869 4220; x_wconf 88' lang='lat' dir='ltr'>Huth.</span> 
     </span>
    </p>
   </div>
   <div class='ocr_carea' id='block_1_5' title="bbox 0 0 1290 4590">
    <p class='ocr_par' dir='ltr' id='par_1_11' title="bbox 0 0 1290 4590">
     <span class='ocr_line' id='line_1_44' title="bbox 0 0 1290 4590; baseline 0 0"><span class='ocrx_word' id='word_1_359' title='bbox 0 0 1290 4590; x_wconf 95' lang='lat' dir='ltr'> </span> 
     </span>
    </p>
   </div>
  </div>
 </body>
</html>
