2536 4590
424 162 765 237 ¹-5u-

77 376 90 426 l
195 357 350 419 XXXVI.
392 351 578 425 Consulatui
598 349 758 414 Ciceronis
782 372 847 414 non
874 350 1031 416 mediocre
1054 351 1171 417 adiecit

110 457 203 519 decus
228 471 319 519 natus
341 478 379 521 eo
402 476 485 517 anno
507 454 597 519 divus
617 455 776 534 Augustus
791 455 906 515 abhinc
924 475 1023 519 annos
1036 477 1170 533 mm,

110 561 256 623 omnibus
277 562 417 623 omnium
442 558 580 638 gentium
600 557 676 620 viris
697 555 909 636 magnitudino
939 577 997 619 sua
1020 555 1170 619 inductu·

76 673 164 725 trus
186 664 356 742 caliginem.
405 662 471 723 Iam
503 679 603 739 paene
637 679 903 737 supervacaneum
933 657 1036 722 videri
1065 671 1171 740 potest

110 766 315 827 eminentium
336 763 534 842 ingeniorum
557 773 667 823 notare
684 774 837 841 tempora.
879 759 956 836 Quis
980 763 1187 841 enimigno·s

109 880 158 929 rat
179 865 315 946 direptos
337 864 483 944 gradibus
505 865 611 926 aetatis
635 862 777 926 floruisse
800 866 861 926 hoc
881 877 1022 945 tempore
1040 863 1170 927 Cicero·

110 990 200 1045 nem,
224 968 448 1043 Hortensium,
470 962 514 1048 -Ι-
541 986 679 1047 saneque
706 965 871 1044 Crassum,
898 965 1072 1042 Catonem,
1094 965 1169 1029 Sul·

109 1071 246 1152 picium,
266 1090 405 1151 moxque
426 1069 577 1145 Brutum,
600 1066 773 1147 Calidium,
795 1068 953 1144 Caelium,
980 1067 1117 1131 Calvum
1139 1082 1170 1132 et

109 1172 290 1252 proximum
319 1170 465 1232 Ciceroni
499 1169 663 1233 Caesarem
695 1191 869 1252 eorumque
902 1171 990 1233 velut
1022 1173 1169 1234 altmanus

111 1273 284 1338 Corvinum
306 1297 341 1335 ac
361 1275 536 1337 Pollionem
567 1274 728 1349 Asinium,
761 1274 980 1354 aemulumque
1005 1271 1202 1355 Thucydi-so

111 1373 157 1437 dis
179 1377 365 1451 Salustium,
388 1388 591 1456 auctoresque
622 1376 795 1439 carminum
827 1375 1005 1437 Varronem
1037 1396 1073 1437 nc
1100 1374 1170 1437 Lu·

110 1479 241 1539 cretium
262 1499 365 1559 neque
387 1479 453 1538 ullo
474 1476 509 1535 in
533 1478 667 1556 suspecti
689 1478 793 1557 operis
815 1477 865 1539 sui
895 1476 1032 1538 carmine
1063 1478 1170 1541 mino·

76 1594 175 1645 arem
198 1580 364 1643 Catullum.
407 1581 512 1641 Paene
534 1581 629 1641 stulta
653 1592 698 1641 est
730 1580 961 1642 inhaerentium
986 1580 1086 1643 oculis
1118 1580 1170 1641 in-

109 1683 273 1761 geniorum
295 1672 504 1763 cameratio,
526 1681 608 1749 inter
631 1704 713 1770 quae
731 1684 865 1744 maxime
885 1682 985 1746 nostri
1005 1687 1076 1749 aevi
1090 1687 1170 1749 emi·

109 1801 187 1851 nent
214 1791 357 1871 princeps
388 1790 561 1851 carminum
582 1790 740 1870 Vergilius
767 1789 977 1870 Rabiriusquc
1006 1800 1039 1849 ct
1059 1807 1202 1851 conso-ss

111 1906 199 1955 cutus
221 1892 392 1955 Salustium
415 1893 545 1969 Livius,
564 1895 772 1976 Tibullusque
790 1904 822 1953 et
836 1892 923 1954 Naso
943 1893 1170 1973 perfectissime

108 1994 142 2053 in
166 1996 267 2055 forma
284 1995 388 2074 operis
411 1997 471 2057 sui.
492 2017 566 2056 nam
586 1997 732 2059 vivorum
748 2004 784 2057 ut
799 2016 911 2075 magna
925 1993 1103 2073 admiratio,
1125 1996 1172 2057 ita

111 2118 242 2158 censura
272 2094 404 2161 difficilis
426 2109 483 2159 est.
634 2149 639 2155 .

77 2225 94 2273 l
196 2201 366 2264 XXXVlI.
420 2201 507 2262 Dum
534 2201 612 2263 haec
641 2200 676 2262 in
710 2204 791 2263 urbe
824 2201 976 2283 Italiaque
1003 2211 1170 2279 geruntur,

180 2343 207 2392 2.
226 2356 333 2392 nrxxn.
376 2345 401 2394 6.
420 2340 563 2410 diremptos
605 2348 633 2398 t.
652 2343 772 2407 Cottam,
792 2341 935 2408 Sulpicium
980 2342 1023 2391 tu.
1049 2340 1168 2408 suscepti

111 2412 198 2478 operis
217 2412 258 2464 sui
276 2411 385 2464 termino
424 2415 467 2465 14.
485 2412 598 2480 proximi
634 2418 676 2466 lo.
691 2413 872 2481 perfectissimi

111 2535 222 2594 tuerat,
249 2537 385 2605 reddidit.)
416 2538 547 2606 supplicr'o
574 2538 620 2589 de·
654 2538 800 2591 Markland.
837 2537 890 2590 Sed
910 2543 937 2588 et
963 2536 1072 2588 recurrit
1097 2535 1171 2591 idem

111 2606 222 2664 isserat,
238 2608 344 2676 praelio
361 2608 478 2659 reddidit
496 2610 547 2662 bR.
641 2604 716 2662 ''mox
735 2624 818 2675 neque
836 2608 1017 2673 intelligimus,
1035 2607 1169 2672 quomodo

145 2683 172 2731 2.
189 2678 322 2744 extraria]
336 2680 435 2731 APbR.
650 2680 745 2751 forma
767 2679 896 2731 transierit
913 2679 939 2729 in
957 2676 1084 2741 carmine,
1101 2692 1171 2729 cou-

146 2754 173 2802 6.
188 2749 316 2817 direptos]
324 2749 355 2802 B.
374 2748 621 2818 diremptosAPbR.
656 2758 697 2801 tra
715 2751 833 2802 librarius
849 2750 882 2800 de
899 2749 994 2799 Catulli
1010 2748 1170 2799 carminibus

146 2826 172 2872 t.
202 2820 326 2891 saneque]
360 2821 459 2874 APbR.
506 2829 621 2889 anteque
656 2821 774 2885 cogitans
793 2836 840 2871 nec
859 2820 922 2870 satis
948 2834 972 2870 v.
997 2816 1109 2867 termino
1125 2819 1170 2869 in-

110 2890 241 2942 Heinsius.
277 2893 424 2962 (senemque.
448 2894 574 2942 Crassum
595 2890 620 2939 b·
657 2893 777 2956 telligens
796 2890 873 2942 facus
898 2889 961 2939 illud
980 2888 1019 2939 vel
1038 2902 1100 2938 casu
1125 2890 1169 2940 vel

111 2961 303 3029 Sisennamque
319 2964 444 3011 Crassum
460 2960 540 3014 Huth.
567 2959 622 3012 Sed
658 2963 776 3013 consulto
794 2961 950 3012 substituere
966 2962 1077 3025 poterat
1093 2956 1169 3025 (ops-

112 3032 205 3098 partim
224 3031 257 3083 L.
275 3031 383 3081 Sisenna
402 3031 469 3094 (Cic.
481 3033 556 3086 Brut.
567 3031 621 3093 64.)
657 3031 695 3083 ris
705 3031 748 3082 sui
761 3047 855 3100 genere
864 3030 989 3081 Halmius.
1000 3028 1029 3077 in
1041 3036 1169 3094 suscepto

111 3102 186 3151 trimis
204 3101 339 3152 mediocris
358 3101 407 3151 tuit
424 3108 525 3164 orator,
545 3116 621 3167 quatu
656 3101 741 3168 operis
756 3101 800 3151 sui
815 3100 957 3150 certamino
971 3096 1060 3149 Wnlcb
1072 3096 1168 3153 Melet.

111 3177 140 3220 ut
156 3169 197 3220 bic
210 3172 448 3221 commemorandus
462 3176 545 3231 esset,
560 3186 621 3237 par·
656 3171 716 3222 crit.
735 3188 760 3238 p.
772 3175 815 3224 34.
834 3170 862 3219 in
876 3167 995 3237 suscepti
1007 3167 1093 3237 operis
1107 3184 1169 3219 cst·

111 3241 156 3291 tim
176 3240 259 3290 miuus
277 3247 338 3306 apta
353 3239 377 3291 b.
398 3242 414 3293 Ι.
435 3247 500 3305 part.
522 3241 591 3308 que.)
655 3240 755 3290 tamine
772 3239 892 3307 Faeltse.)

145 3314 171 3361 7.
209 3309 344 3377 Catonem]
374 3311 472 3363 APbtt.
513 3311 620 3361 Cottdm
692 3315 735 3364 13.
755 3310 903 3376 Catullum]
915 3311 972 3362 ΑΒ..
980 3305 1168 3364 CatulumPl).

110 3381 251 3434 Puteanus.
692 3385 735 3432 14.
753 3381 866 3430 nroxime
883 3379 969 3431 nostri
984 3377 1055 3443 aevi]
1066 3378 1168 3433 antt.

145 3455 171 3504 8.
192 3451 317 3514 Caelium,
332 3450 455 3517 Caluum]
468 3449 621 3506 eniteat·
652 3450 770 3521 proniori
787 3460 880 3504 nostro
905 3465 969 3499 aevo
993 3449 1168 3501 Burmannus.

110 3542 187 3589 nunt,
214 3523 332 3573 castium
349 3524 374 3576 b.
656 3525 765 3576 Poterat
783 3527 859 3577 etism
879 3519 974 3575 servari
992 3518 1129 3584 genitivus.

147 3600 189 3645 12.
199 3595 329 3663 suspects]
340 3593 438 3647 APbR.
446 3591 564 3660 suscepti
574 3592 622 3644 Li·
693 3598 705 3645 l
711 3598 736 3644 5.
742 3593 874 3661 princeps]
883 3593 964 3644 tan.
973 3588 1107 3659 principes
1115 3589 1168 3642 Pb.

111 3668 190 3733 psius.
694 3668 738 3717 15.
753 3664 898 3733 Vergilius]
906 3663 978 3715 sle.
993 3659 1168 3728 Vtrgruustt.

149 3740 190 3788 ln.
210 3733 296 3802 operis
317 3734 362 3785 sui
382 3733 508 3797 curnsine]
525 3733 622 3785 thtt.
696 3739 737 3785 15.
756 3728 946 3803 Rabiriusque]
979 3731 1077 3783 APbR.
1106 3731 1167 3779 Ho-

111 3807 196 3873 operr's
220 3805 263 3855 sui
287 3804 399 3855 termino
417 3806 450 3856 0.
474 3804 500 3855 id
520 3811 577 3867 est,
597 3804 622 3853 in
658 3805 799 3873 ratiusque
816 3805 975 3857 Perizonius.
1017 3801 1072 3853 Sed
1091 3799 1169 3852 ltuluu

111 3891 143 3928 eo
163 3891 258 3942 gessere
285 3877 410 3926 tenuioris
430 3876 531 3940 poisis,
553 3873 622 3940 quod
659 3890 751 3927 nomen
778 3882 825 3926 aut
850 3875 948 3926 excidit
974 3878 1020 3924 aut
1047 3871 1168 3925 consulto

111 3948 187 3999 unice
205 3948 250 3999 ille
266 3947 382 3998 excoluit
402 3946 533 3997 abstinens
552 3961 621 3996 sem·
658 3947 780 3997 omissum
801 3952 856 4009 est,
875 3946 937 4011 qrtia
954 3944 1064 3996 sortasse
1081 3943 1168 3994 minus

111 4032 158 4084 per
176 4018 208 4066 ab
227 4019 302 4084 orrico
320 4024 348 4069 et
366 4017 481 4082 tragico,
503 4016 620 4080 intraque
656 4016 776 4084 placebat
794 4017 909 4069 Tiberio.

111 4086 249 4138 tenuinum
282 4103 426 4154 singarum,
455 4102 519 4153 quas
548 4086 620 4136 dice-
693 4091 734 4139 16.
747 4086 950 4159 perfectissime]
960 4080 1169 4154 ARpsrssctr's-

112 4159 187 4222 bant,
207 4171 349 4212 remanens.
366 4157 451 4228 operis
473 4155 516 4209 sui
526 4154 621 4228 formu
654 4155 714 4207 simi
733 4157 784 4212 tn.
