2536 4590
476 125 774 276 ptr..

111 370 213 432 virum
236 369 435 431 interfecerat
449 365 652 448 exercituque
670 380 823 449 occupato
840 368 1013 454 imperator
1028 376 1165 455 appelln-
1182 434 1186 447 ,

112 483 162 531 tus
192 471 281 532 fonte
313 466 530 530 Mithridatem
559 469 722 548 pepulerat
759 473 901 552 praelio,
937 476 996 538 sub
1030 475 1167 541 adventu

78 573 217 638 ..Sullae
242 593 274 634 se
295 572 362 653 ipse
383 569 557 648 interemit,
579 569 777 649 adulescens,
802 596 882 656 quae
917 576 1053 657 pessima
1074 598 1167 659 ausus

78 684 178 740 2erat
187 719 197 752 ,
219 675 344 736 fortiter
364 684 522 736 executus.
565 671 686 735 Eodem
704 694 787 737 anno
804 677 843 738 P.
854 676 978 740 Laenas
993 680 1067 740 trib.
1084 681 1167 760 pleb.

111 777 197 840 Sext.
233 777 408 852 Lucilium,
438 775 494 857 qui
526 773 691 856 inpriore
720 797 803 838 enno
836 779 910 841 trib.
936 780 1021 860 pleb.
1054 781 1182 857 fueraut

111 901 188 943 sexo
210 879 347 959 Tarpeio
370 876 497 954 deiecit,
522 888 553 938 et
573 898 645 938 cum
665 878 911 959 collegaaeius,
941 883 1057 963 quibua
1086 881 1168 945 diem

111 981 247 1056 (fixerat,
267 993 354 1042 motu
383 978 423 1042 ad
449 978 569 1041 Sullam
597 980 829 1060 profugissent,
861 1004 944 1065 aqua
971 985 1103 1066 ignique
1130 983 1167 1047 iis

76 1081 282 1147 ainterdixit.
324 1084 407 1144 Tum
428 1080 517 1144 Sulla
540 1082 717 1163 compositis
736 1087 952 1147 transmarinis
973 1087 1080 1163 rebus,
1097 1107 1168 1151 cum

110 1184 151 1247 ad
171 1207 243 1247 eum
264 1185 401 1267 primum
432 1183 590 1250 omnium,
607 1184 824 1248 Romanorum
855 1189 947 1267 legati
976 1190 1168 1255 Parthorum

110 1289 284 1364 venissent,
307 1300 340 1349 et
359 1288 393 1348 in
413 1288 452 1349 iis
474 1285 603 1370 quidam
635 1291 718 1366 magi
750 1310 791 1349 ex
821 1291 905 1350 notis
939 1293 1082 1372 corporis
1114 1314 1197 1358 rs·tc

110 1389 309 1472 spondissent
334 1391 494 1451 caelestem
530 1391 597 1451 eius
621 1389 655 1448 in
682 1390 780 1452 vitam
807 1394 990 1455 memoriam
1017 1394 1168 1472 futuram,

108 1505 251 1554 revectus
271 1492 305 1551 in
325 1492 447 1552 ltaliam
466 1491 551 1552 haud
572 1493 665 1571 plura
687 1513 783 1573 quam
803 1514 881 1556 xxx.
899 1509 1092 1558 armatorum
1109 1499 1169 1561 mi·

76 1595 153 1660 flia
177 1591 326 1655 adversus
347 1590 393 1654 cc.
414 1594 547 1674 amplius
568 1594 706 1655 hostium
727 1595 872 1676 exposuit
893 1595 1078 1660 Brundusii.
1102 1600 1169 1662 Vix

112 1696 285 1781 quidquam
303 1696 339 1757 in
362 1695 468 1758 Sullae
494 1698 642 1778 operibus
660 1698 773 1759 clarius
786 1697 945 1777 duxerim,
969 1707 1066 1782 quam‘
1079 1699 1168 1784 quod

113 1822 184 1864 cum
204 1821 263 1882 per
286 1799 456 1862 triennium
480 1798 642 1862 Cinnanae
662 1799 886 1883 Merianasque
900 1807 1015 1882 'partes
1043 1802 1200 1865 Italiamts

110 1902 307 1979 obsiderent,
343 1924 446 1985 neque
474 1903 644 1983 inlaturum
675 1924 708 1964 se
737 1905 857 1964 bellum
889 1904 929 1964 iis
960 1903 1169 1968 dissimulavit

109 2026 166 2067 nee
187 2003 273 2087 quod
295 2005 408 2065 eratin
424 1998 569 2065 manibus
586 2004 704 2079 omisit,
723 2005 1063 2087 existimavitque-ante
1077 2007 1168 2069 fran-

108 2106 245 2188 gendum
266 2109 388 2170 hostem
411 2126 506 2188 quam
526 2105 739 2167 ulciscendum
761 2109 876 2184 civem,
897 2107 1089 2189 repulsoque
1110 2128 1168 2171 ex·

108 2222 200 2272 terno
222 2224 327 2287 metu,
350 2210 422 2287 ubi,
445 2206 532 2291 quod
556 2209 693 2270 alienum
716 2222 813 2279 esset,
834 2210 971 2285 vicisset,
993 2223 1168 2290 superaret,

76 2311 196 2396 5quod
217 2323 281 2373 erat
303 2310 516 2374 domesticum.
556 2314 638 2374 Ante
664 2312 839 2375 'adventum
868 2311 907 2375 L.
928 2312 1032 2374 sullae
1062 2312 1200 2379 Cinnam

108 2413 261 2477 seditione
285 2426 354 2477 orta
383 2415 422 2475 ab
451 2413 588 2475 exercitu
620 2416 826 2497 interemptus
856 2426 916 2493 est,
951 2416 1001 2477 vir
1031 2413 1167 2495 dignior,

108 2519 165 2600 qui
186 2516 316 2579 arbitrio
337 2515 492 2577 victorum
509 2521 698 2580 'moreretur
720 2539 816 2601 quem
836 2506 1167 2584 iracundiamilitum.

62 2651 64 2655 .
108 2617 146 2679 de
170 2638 234 2699 quo
254 2637 328 2682 vere
349 2615 410 2678 dici
431 2629 554 2699 potest,
574 2640 669 2681 ausus
692 2641 782 2698 eum,
816 2641 897 2703 quae
917 2639 1010 2681 nemo
1032 2618 1167 2684 auderet

107 2721 230 2800 bonus,
271 2720 468 2802 perfecisset,
503 2741 584 2802 quae
619 2746 638 2784 a
670 2725 759 2785 nullo
793 2725 820 2786 si
850 2721 1021 2785 fortissimo
1055 2722 1167 2802 perfici

177 2911 205 2961 2.
223 2907 284 2960 forti
318 2908 345 2959 2.
364 2905 412 2959 sub
430 2906 569 2958 adventum
605 2909 632 2958 3·
650 2907 762 2977 passima
803 2912 830 2962 s.
856 2909 919 2961 Sex.
948 2905 1094 2973 Lucilium,
1120 2911 1167 2976 qui

107 2977 195 3045 priore
239 2982 265 3030 t.
292 2983 363 3030 metu
404 2981 431 3030 t.
458 2977 632 3044 perfugissent
682 2983 724 3033 11.
757 2979 813 3032 eius
841 2979 919 3032 vitem
951 2987 1030 3043 atque
1064 2993 1167 3041 merno-

105 3050 178 3172 lrlthqu
194 3051 252 3172 ,ἐξ
270 3061 394 3117 suparare
436 3050 480 3101 28.
506 3062 597 3115 ausum
610 3045 678 3104 'essa
704 3048 763 3105 eum
806 3053 850 3104 24.
872 3047 1031 3161 perfecisse,
1055 3063 1124 3116 quas
1150 3067 1168 3105 a

141 3266 167 3315 2.
182 3252 277 3333 fonte]
292 3262 373 3317 APlt.
392 3259 618 3332 fcrtiPutssuus.
653 3262 713 3316 terit
730 3261 784 3334 inq.
804 3264 831 3314 et
847 3260 898 3314 titt.
910 3278 936 3311 m
952 3252 1168 3331 superscripserit

106 3334 212 3388 Omittit
229 3335 255 3390 b.
652 3350 709 3403 voc.
719 3333 788 3388 vita.
809 3331 866 3383 eius
878 3331 963 3382 vitam
975 3341 1059 3403 atque
1067 3351 1165 3388 memo·

141 3409 168 3456 2.
186 3401 388 3469 Mithridatem]
407 3402 441 3456 Δ.
464 3402 617 3455 Mithrida·
653 3404 722 3455 riam
747 3404 780 3455 0.
807 3401 865 3453 ciue
893 3400 978 3454 vitam
1009 3411 1037 3453 et
1067 3422 1167 3458 memo-

107 3483 154 3529 tm
170 3477 248 3529 Pbtt.
653 3472 722 3526 riam
738 3473 815 3526 PbR.

140 3550 167 3599 ἱ.
187 3545 318 3612 adventu]
339 3543 412 3598 APb.
430 3541 618 3597 adventumlt.
688 3540 984 3609 terrundnstqlrtt.
993 3542 1133 3595 Brundisii
1140 3546 1166 3597 b.

140 3621 168 3670 8.
183 3616 311 3687 pessimo]
330 3617 361 3668 Δ.
377 3612 490 3682 pessime
504 3614 581 3667 PbR.
688 3612 732 3664 19.
751 3613 902 3682 superaret]
927 3613 1009 3668 APR.
1036 3631 1168 3681 superare

141 3686 235 3759 &qui
263 3686 293 3736 in
315 3684 417 3754 priore]
450 3684 532 3737 APR.
571 3683 619 3755 qui
654 3683 772 3736 Ursinus.
791 3682 959 3751 Oudendorp.
978 3684 1117 3752 superavit
1137 3686 1165 3740 b.

103 3757 193 3827 priora
211 3758 237 3810 b.
594 3748 597 3754 ’
655 3752 790 3817 (vicisset,
816 3763 849 3803 ut
867 3763 1007 3822 superaret
1023 3752 1111 3807 Hand.
1129 3756 1165 3810 ad

141 3832 169 3881 't-
186 3825 273 3892 motu]
293 3824 347 3878 tr.
365 3830 438 3872 metu
455 3823 547 3876 Bnrer.
565 3822 620 3877 blt.
655 3824 795 3890 Wopkens.
812 3826 919 3893 p.lll.)

142 3904 168 3952 t.
184 3892 384 3967 profugissent]
404 3891 503 3945 APbR.
521 3893 620 3963 persa-
689 3897 734 3945 23.
754 3911 838 3946 ausus
856 3895 926 3962 eum]
946 3895 977 3948 t.
997 3910 1094 3946 aueum
1106 3911 1166 3947 aare

105 3965 210 4035 gissent
224 3968 358 4029 Baltetus,
371 3966 489 4030 utsupra
502 3963 619 4020 ΗΜ.
654 3981 714 4014 eum
733 3965 766 4018 Ο.
784 3982 882 4017 ausum
895 3983 955 4015 eum
972 3964 1049 4017 PbR.

143 4040 186 4088 11.
204 4037 263 4091 siue
288 4035 374 4091 vitam
400 4032 561 4100 numeriam]
588 4037 620 4087 A.
689 4038 734 4088 m.
755 4035 931 4110 perfecisset}
959 4037 991 4089 Δ.
1019 4032 1166 4106 perfecisse

53 4109 58 4118 ‘
107 4107 207 4158 scilicet
226 4108 277 4172 ita,
293 4113 323 4160 ut
335 4106 405 4174 ptius
419 4104 553 4172 scripserit
561 4101 619 4155 eius
655 4106 731 4159 Pstt.

108 4175 138 4226 iu
155 4175 215 4229 vita
233 4176 287 4248 inq.
307 4174 472 4242 maneriam,
496 4179 553 4229 tum
570 4173 618 4228 ds·
689 4180 734 4232 st.
752 4177 787 4245 st]
808 4179 837 4230 A.
857 4175 910 4228 nisi
929 4175 1003 4229 1²th
