2536 4590
509 182 792 259 -171-

100 375 203 460 apud
225 373 382 458 Cyzicum
408 394 521 456 magno
553 393 623 435 cum
646 371 787 435 exercitu
820 370 854 433 in
884 374 1007 439 obsidio
1040 372 1176 440 moranti

99 480 319 541 mmeutum
347 476 446 539 defuit
477 476 566 537 nullo
596 474 713 547 circum
739 473 909 537 adnitente.
941 478 1035 540 simul
1054 478 1177 559 hiemps

99 580 198 641 mari
229 578 431 660 prohibebat.
458 577 504 639 ita
528 576 595 637 sine
619 575 652 639 vi
673 576 814 637 hostium
839 576 963 656 regredi
993 591 1122 642 conatus
1141 580 1176 641 in

98 679 260 761 patrium
278 700 421 758 regnum.
447 675 618 755 naufragiis
650 673 734 757 apud
766 678 907 740 Patrium
936 692 968 742 ct
992 681 1177 743 Heracleam

101 780 256 843 militum
293 780 429 860 optimos
465 799 536 839 cum
570 777 718 839 classibus
757 778 857 840 aurici.
886 781 1031 843 restituto
1062 780 1196 844 deinde⁵

103 878 204 961 apud
225 879 380 941 Caberam
403 880 543 942 exercitu
566 890 596 940 et
619 879 714 942 variis
741 879 825 941 inter
855 903 904 943 me
934 895 1028 964 atque
1059 882 1177 945 Lucul-
1223 886 1227 893 “

42 1048 47 1055 ,
102 985 183 1045 lum
216 982 346 1062 proeliis
386 982 494 1062 inopia
523 1001 634 1042 rursus
665 983 774 1043 ambos
802 982 938 1045 incessit.
969 985 1017 1044 illi
1050 986 1177 1047 suberat

103 1103 251 1164 regnum
273 1083 505 1148 Ariobarzanis.
529 1084 613 1144 bello
640 1082 802 1143 intactum.
845 1104 902 1161 ego
931 1083 1026 1148 vastis
1060 1085 1175 1148 circum

106 1184 266 1247 omnibus
295 1184 373 1247 locis
403 1184 438 1244 in
467 1184 648 1246 Armeniam
680 1183 818 1244 concessi
848 1186 1008 1266 secutique
1040 1185 1176 1248 Romani

105 1285 193 1347 Non
212 1304 264 1345 me
288 1282 344 1345 sed
362 1305 483 1349 morem
503 1304 596 1346 suum
620 1285 726 1346 omnia
747 1304 842 1362 regna
870 1285 1072 1348 subvertendi
1101 1289 1212 1370 quiam

110 1384 351 1466 multitudinem
380 1389 455 1449 artis
482 1388 559 1449 locis
585 1406 691 1469 pugna
720 1386 912 1467 prohibuere
942 1386 1176 1469 inprudentiam

70 1488 264 1568 bTigranis
283 1509 343 1569 pro
364 1488 495 1551 victoria
518 1499 685 1553 ostentant.
734 1487 828 1549 Nunc
864 1509 980 1571 quaeso
1013 1488 1175 1553 considera

110 1589 222 1653 Nobis
251 1589 407 1669 oppressis
436 1600 542 1652 utrum
570 1591 741 1652 firmiorem
768 1600 800 1649 te
832 1589 872 1650 ad
894 1590 1103 1653 resistendum
1134 1611 1174 1653 an

111 1692 214 1753 linem
235 1691 310 1751 belli
331 1691 474 1753 futurum
496 1703 600 1773 putes.
626 1691 690 1753 scio
712 1687 857 1772 equidem
876 1689 935 1751 tibi
954 1712 1081 1770 magnas
1099 1714 1174 1773 opes

112 1791 259 1855 virorum
280 1811 441 1854 armorum
473 1805 503 1855 et
527 1793 596 1854 auri
627 1812 704 1853 esse.
731 1802 764 1852 et
784 1810 821 1851 ea
841 1811 876 1851 re
898 1814 916 1853 a
937 1793 1029 1854 nobis
1060 1792 1210 1854 adso-1⁵

112 1893 260 1953 cietatem
280 1894 319 1953 ab
339 1892 401 1953 illis
423 1891 463 1953 ad
484 1893 632 1974 praedam
648 1891 775 1972 peteris.
797 1903 934 1953 ceterum
950 1890 1114 1953 consilium
1129 1903 1175 1953 est

113 1990 263 2073 Tigranis
277 2014 374 2072 regno
387 1995 508 2073 integro
523 1995 601 2055 meis
617 1993 768 2053 militibus
785 1994 897 2072 procul
914 1994 953 2055 ab
971 1991 1064 2055 domo
1075 2013 1174 2074 parvo

111 2097 227 2156 labore
254 2108 444 2175 pernostra
473 2115 607 2175 corpora
634 2096 753 2156 bellum
784 2095 945 2156 conficere.
974 2117 1071 2177 quom
1102 2115 1175 2176 neq.

112 2196 244 2258 vincere
269 2216 372 2277 noque
394 2196 478 2259 vinci
499 2197 566 2259 sine
589 2210 644 2258 tuo
667 2196 808 2275 periculo
826 2215 1002 2275 possumus.
1022 2217 1063 2255 an
1085 2195 1174 2274 igno·

112 2315 170 2358 ras
188 2295 349 2358 Romanos
379 2310 548 2379 postquam
570 2295 609 2357 ad
632 2295 825 2357 occidentem
851 2297 1052 2375 pergentibus
1079 2296 1211 2359 finemao

113 2396 263 2463 Oceanus
279 2380 352 2461 fecit
373 2419 460 2460 arma
481 2401 542 2461 huc
564 2399 753 2463 convertisse
774 2399 1046 2481 nequequicquam
1069 2401 1176 2481 aprin-

113 2497 200 2578 cipio
221 2495 292 2558 Nisi
319 2511 444 2579 partum
477 2501 594 2563 babere
619 2499 749 2562 domum
778 2501 925 2578 coniuges
950 2523 1040 2580 agros
1073 2503 1176 2581 impe-

111 2601 211 2663 rium.
233 2618 389 2662 convenas
411 2600 486 2663 olim
507 2601 573 2663 sine
597 2602 699 2682 patria
719 2601 902 2680 parentibus
923 2613 1009 2680 peste
1031 2599 1174 2661 conditos

111 2701 206 2762 orbis
228 2711 394 2763 terrarum.
415 2703 502 2783 quib.
533 2701 608 2764 Non
628 2704 767 2762 humana
790 2701 855 2760 ulla
867 2700 980 2783 Neque
994 2701 1100 2764 divina
1117 2703 1175 2763 ob·

111 2811 210 2864 stant.
241 2801 318 2882 quin
339 2802 440 2864 socios
462 2803 577 2865 amicos
598 2803 710 2882 procul
729 2801 819 2863 iuxta
840 2801 914 2863 sitos
935 2803 1045 2882 inopes
1060 2813 1210 2882 poten-2⁵

111 2903 221 2986 tisque
241 2904 367 2966 trahant
390 2903 558 2967 excindaut
579 2903 748 2986 omniaque
768 2925 832 2965 nou
865 2923 956 2967 serva
979 2915 1010 2964 et
1028 2924 1174 2966 maxumo

188 3022 216 3077 4.
232 3021 337 3074 Parium
374 3025 417 3074 16.
436 3023 570 3075 consilium
589 3029 630 3075 est
647 3021 783 3092 Tigranis,
802 3036 883 3088 reguo
909 3021 1013 3088 integro
1056 3024 1099 3073 10.
1121 3035 1173 3086 quo

111 3094 161 3144 21.
181 3105 266 3157 neque
287 3092 425 3159 quicquam
444 3110 460 3145 a
477 3094 605 3161 principio
639 3097 685 3146 22.
704 3099 807 3160 raptum

152 3194 278 3232 cosmus.
313 3183 340 3233 a.
360 3187 469 3231 coactus
495 3179 555 3244 (Est
571 3180 605 3232 ab
624 3179 692 3231 Aldu
710 3181 801 3241 1509.)
845 3177 884 3240 (4.
911 3177 1016 3230 Habete
1041 3174 1174 3243 Parium.)

189 3253 216 3302 6.
236 3248 333 3300 Oubiru
369 3254 412 3301 17.
438 3248 567 3300 militibus
593 3247 667 3315 [belli
687 3246 876 3317 prudentibus]
898 3248 995 3316 procul
1037 3252 1081 3301 18.
1109 3266 1175 3318 quo-

188 3318 264 3370 modo
275 3337 359 3390 neque
382 3319 535 3384 (emflabet
546 3322 675 3388 ruptum.)
694 3323 739 3372 23.
749 3318 805 3370 ciue
813 3317 973 3388 parentibus
991 3323 1037 3372 26.
1049 3318 1175 3371 excidunt

150 3426 178 3475 o.
198 3419 337 3489 Caberam]
362 3424 449 3477 Vatic.
475 3439 513 3490 pr.
540 3424 626 3478 Vatic.
661 3421 1175 3492 salsasuutAldiqucudo‚Beualiiquu-

111 3493 264 3558 Bnugarsii.
283 3494 353 3546 cett.
372 3493 455 3545 codd.
473 3494 537 3546 uoti.
555 3496 640 3556 Ger-¹
662 3493 752 3558 modo,
771 3499 798 3544 et
816 3492 866 3545 boc
880 3492 984 3556 quidem
1000 3498 1172 3559 propagatum

112 3563 185 3618 tacta.
203 3561 300 3613 Cabiro
320 3564 420 3616 Carrio.
440 3564 554 3615 Cottius.
661 3578 744 3628 usque
762 3562 795 3613 ad
820 3563 940 3612 Curtium
964 3562 1136 3625 asseclasque.

151 3638 197 3685 ts.
215 3631 357 3699 militibus]
376 3632 464 3685 Etiam
483 3634 567 3686 Vatic.
586 3647 624 3699 pr.
696 3630 958 3696 nmpurtumwatic.
969 3645 1007 3697 pr.
1019 3627 1173 3681 cuscodd.

113 3703 204 3757 vatic.
222 3703 359 3769 Bougarsii
376 3720 427 3755 nou
442 3704 561 3769 agnoscit
577 3701 625 3753 ad·
660 3700 815 3755 Emendavit
833 3701 986 3751 ciacconius
1006 3709 1124 3768 ruptum.

112 3777 286 3827 ditamentuur
313 3774 490 3826 Citarisisuum
519 3791 544 3840 p.
567 3777 627 3827 rtt.
698 3777 742 3824 23.
756 3768 928 3839 parentibus]
957 3773 1003 3824 Sic
1022 3770 1106 3823 Vatic.
1135 3784 1174 3835 pr.

112 3844 225 3901 Puteoli.
236 3843 366 3894 militibus
375 3843 436 3893 belli
441 3841 628 3912 prudentibus.
664 3845 748 3895 Vatic.
767 3841 914 3906 Bougarsii.
938 3840 995 3892 sine
1016 3837 1175 3910 parentibus

153 3919 199 3967 18.
219 3915 307 3984 quom]
341 3915 452 3981 Proprie
482 3932 534 3984 quo
569 3930 628 3967 cum
663 3913 830 3980 Pompouius.
848 3910 970 3963 Gerlach.
1041 3972 1046 3979 ἡ

112 3987 214 4039 lineola
233 3985 317 4039 Vatic.
338 4000 376 4052 pr.
395 3991 422 4036 et
446 3987 530 4037 Vatia.
556 3985 629 4037 Bou·
699 3990 742 4036 26.
761 3983 917 4048 excindaut]
942 3983 1027 4034 Vatic.
1047 3996 1085 4046 pr.
1104 3982 1176 4031 Ger-

112 4056 214 4124 garsii‚
233 4055 301 4106 uude
319 4055 402 4108 Vatia.
420 4071 556 4111 seucum.
573 4057 629 4109 Ve-
665 4056 761 4109 lesbius
786 4055 811 4104 iu
835 4052 885 4102 Ed.
911 4053 970 4103 mia.
990 4051 1116 4101 excidant
1141 4067 1175 4102 ex

112 4143 173 4181 rum
183 4124 504 4196 praestatGerlachiiquo.
517 4128 629 4180 Prorsus
664 4127 753 4180 Ursiui
771 4130 797 4176 et
817 4122 948 4176 ciacconii
973 4124 1043 4175 libris
1062 4122 1174 4175 Cottius.
