2536 4590
551 176 809 252 ...32-

124 377 247 460 sperit.
291 372 350 437 Cui
374 370 555 438 advenienti
576 369 708 433 Romam
733 364 868 431 inmanis
888 368 1059 435 amicorum
1077 370 1219 442 occurrit

154 479 346 569 frequentia,
365 490 399 538 et
418 496 489 538 cum
510 475 643 544 intraret
664 472 775 533 urbem
797 472 870 534 solis
893 474 979 536 orbis
1000 491 1097 555 super
1119 485 1222 556 caput·

155 581 222 641 eius
244 590 391 641 curvatus
414 577 585 660 aequaliter
608 571 856 656 rotundatusque
887 575 922 635 in
951 577 1090 638 colorem
1121 597 1217 640 arcus

154 684 241 743 velut
256 701 404 742 coronam
420 681 498 741 tanti
513 699 588 739 mox
598 677 659 739 viri
673 676 766 756 capiti
778 676 942 757 imponens
961 691 1147 758 conspectus
1160 693 1218 747 est.
1230 714 1234 721 ’

125 799 140 849 1
243 782 313 845 LX.
357 782 432 843 Non
451 783 594 862 placebat
614 778 703 839 Atiae
734 780 828 839 matri
857 780 1068 862 Philippoque
1099 781 1234 846 vitricos

157 879 236 943 adiri
257 903 372 943 nomen
393 882 564 944 invidiosae
585 881 732 941 fortunae
761 879 920 958 Caesaris,
950 881 1005 944 sed
1026 881 1218 948 adserebant

157 984 302 1045 salutaria
325 984 404 1064 reip.
425 997 641 1065 terrarumque
665 983 750 1045 orbis
772 983 836 1044 fata
864 981 1059 1045 conditorem
1085 1005 1217 1049 conser-

124 1091 358 1167 2vatoremque
391 1086 528 1148 Romani
562 1083 710 1147 nominis.
765 1082 893 1166 Sprevit
930 1086 1038 1168 itaque
1064 1088 1216 1158 'caelestia

155 1191 277 1249 animus
308 1191 446 1249 humana
471 1188 601 1252 consilia
623 1201 654 1251 st
676 1208 747 1249 cum
778 1189 918 1271 periculo
949 1188 1055 1269 potius
1091 1208 1216 1251 summa

154 1312 250 1374 quam
272 1302 339 1350 tuto
360 1291 491 1351 humilia
510 1291 676 1372 proposuit
697 1292 789 1373 sequi
808 1279 980 1373 maluitque
1001 1292 1162 1356 avunculo
1184 1303 1249 1353 etto

112 1458 114 1462 ,
156 1394 282 1454 Caesari
304 1390 342 1452 de
364 1413 396 1453 se
420 1413 515 1475 quam
539 1393 650 1455 vitrico
683 1391 808 1470 cedere,
840 1391 983 1456 dictitans
1014 1395 1105 1456 nefas
1135 1412 1215 1472 esse,

157 1514 221 1576 quo
239 1493 367 1554 nomine
390 1492 517 1555 Caesari
537 1494 649 1573 dignus
671 1509 750 1557 esset
776 1496 881 1574 visus,
913 1496 1140 1577 semetipsum
1161 1499 1215 1562 vi·

123 1594 221 1656 3deri
242 1592 416 1673 indignum.
466 1597 559 1657 Hunc
591 1597 736 1676 protinus
766 1598 924 1661 Antonius
956 1597 1046 1664 COS.
1074 1601 1213 1680 superbo

154 1698 279 1778 excipit.
301 1719 404 1780 neque
425 1698 452 1759 is
474 1710 540 1759 erat
559 1711 771 1781 contemptus,
799 1700 854 1762 sed
875 1714 986 1764 metus.
1008 1702 1127 1784 vixque
1152 1698 1214 1763 ad·

153 1803 248 1864 misso
271 1801 305 1861 in
326 1801 533 1883 Pompeianos
559 1802 667 1863 hortos
695 1801 846 1884 loquendi
867 1785 978 1865 'secum
1004 1816 1129 1884 tempus
1154 1798 1246 1864 ded!

155 1902 219 1979 dit,
242 1925 318 1965 mox
343 1905 435 1964 etiam
455 1904 543 1966 velut
561 1903 683 1965 insidiis
707 1904 773 1965 eius
795 1907 910 1984 petitus
932 1907 1059 1967 sceleste
1076 1898 1212 1967 insimu-

155 2008 221 2068 lare
242 2006 360 2084 coepit}
383 2006 418 2065 in
440 2026 503 2086 quo
525 2005 660 2085 turpiter
681 2004 874 2086 deprehensa
900 2007 967 2068 cius
1000 2009 1122 2071 vanitas
1154 2023 1213 2073 ast·

122 2109 272 2189 tAperte
294 2105 405 2167 deinde
432 2106 564 2168 Antonii
585 2127 620 2166 ac
645 2107 828 2169 Dolabellae
850 2112 1014 2171 consulum
1035 2109 1076 2171 ad
1098 2108 1212 2173 nefanss

155 2209 227 2271 dam
252 2210 498 2270 dominationem
520 2209 623 2288 erupit
643 2209 743 2272 furor.
786 2207 971 2272 Sestertium
992 2210 1128 2292 septiens
1149 2212 1212 2274 mi-

152 2311 232 2370 liens
252 2309 428 2389 depositum
449 2332 467 2369 a
488 2309 524 2371 C.
548 2309 679 2371 Caesare
710 2308 750 2373 ad
779 2310 887 2373 aedem
913 2311 990 2393 Opis
1019 2325 1248 2393 occupatumro

154 2411 193 2470 ab
215 2410 373 2487 Antoni03
397 2422 537 2471 actorum
559 2410 696 2471 eiusdem
716 2413 840 2474 insertis
861 2415 947 2475 falsis
969 2415 1209 2499 civitatibusque

156 2511 309 2590 corruptis
325 2512 562 2573 commentariis.
584 2524 678 2594 atque
697 2517 802 2575 omnia
822 2517 923 2596 pretio
941 2508 1112 2597 temperata
1129 2538 1211 2581 ven·

122 2617 140 2670 5
156 2613 247 2675 dente
261 2634 360 2694 remp.
382 2615 520 2676 consule.
562 2613 649 2677 Idem
664 2618 859 2697 provinciam
877 2618 919 2681 D.
931 2619 1031 2679 Bruto
1047 2616 1210 2698 designato

226 2771 592 2838 3.rotuudatusquecolorem
628 2778 653 2825 t.
670 2773 725 2825 orbi
763 2777 805 2825 11.
823 2773 930 2827 credere
967 2778 1009 2828 ln.
1025 2726 1108 2828 simet
1120 2775 1209 2844 ipsum

155 2845 204 2896 sibi
223 2845 304 2898 videri
339 2848 383 2897 21.
402 2844 473 2896 falsis
488 2844 639 2910 'vitiatisque
658 2845 774 2912 corrupti
792 2846 968 2898 commentarii

191 2974 216 3023 3.
242 2969 459 3039 retardatusque
485 2969 514 3021 in
540 2970 660 3037 colorem]
732 2974 776 3025 11.
793 2971 893 3038 cedere]
912 2972 967 3025 ΑΡ.
985 2970 1157 3026 crederebR.

156 3041 255 3093 Aron.
273 3039 490 3109 retardatusque
504 3040 613 3091 colorem
628 3042 662 3095 0.
732 3045 776 3095 12.
794 3042 893 3109 ipsum]
912 3041 1011 3095 APbR.
1039 3040 1127 3109 ipsum
1154 3041 1210 3095 sibi

152 3112 254 3162 scilicet
278 3110 326 3163 hac
356 3111 564 3162 constructione:
592 3109 662 3161 orbis
696 3111 809 3178 Lipsius.

152 3178 217 3230 solis
235 3198 316 3246 super
339 3189 422 3246 eaput
444 3179 502 3230 eius
531 3189 662 3231 curvatus
733 3185 774 3232 14.
811 3181 922 3250 excipit]
958 3180 1059 3234 APblt.
1101 3182 1209 3253 excepit

153 3247 305 3318 aequaliter
333 3247 549 3318 rotundatusque
578 3249 661 3317 impo—
695 3249 811 3302 clodius.

154 3335 219 3369 nens
246 3317 355 3368 colorem
379 3334 460 3368 arcus
485 3318 559 3368 uelut
588 3320 663 3368 coro·
734 3324 776 3371 to.
794 3321 945 3372 sestertium
962 3319 1077 3388 septiens
1090 3320 1208 3391 mittens]

154 3405 216 3439 nam
235 3395 284 3439 cet.
322 3388 479 3454 Saepissime
506 3388 535 3436 in
564 3395 662 3440 temere
698 3390 729 3441 Α.
747 3392 779 3438 H
785 3393 833 3442 -S.
851 3391 949 3458 septies
965 3391 1049 3441 milies
1063 3390 1141 3447 PbR.

153 3475 185 3510 ac
203 3457 310 3509 fortuito
335 3459 361 3509 in
381 3457 481 3508 Velleio
508 3457 662 3510 inculcatum
732 3459 1208 3531 21.civitatibusquecorruptiscom-

57 3567 59 3571 *
154 3545 212 3582 esse
242 3543 330 3581 omnes
367 3533 477 3589 noruut;
514 3543 571 3579 nam
605 3530 664 3596 plus
697 3530 845 3596 mensariis]
866 3531 946 3582 an.
965 3531 1209 3601 vitiatisque-corf

155 3616 231 3666 quam
251 3601 338 3653 decies
356 3597 404 3650 hoc
421 3597 516 3650 factum
535 3605 583 3651 est.
609 3598 661 3664 (in-
697 3599 773 3666 rupti
791 3600 971 3650 canimentarii
987 3600 1104 3654 Clodius.
1121 3601 1208 3655 uitia-

153 3669 369 3739 terundatusque
392 3668 421 3718 in
442 3668 552 3719 colorem
569 3668 662 3735 llutlt.)
697 3669 773 3739 tique
805 3679 833 3720 et
866 3671 986 3738 corrupti
1023 3674 1210 3725 commentarii

190 3745 219 3793 6.
235 3740 332 3805 Atiae]
349 3740 408 3790 stt.
426 3739 526 3789 Acciae
545 3741 594 3791 Pb.
695 3739 800 3791 Ruhnk.
828 3739 1042 3811 (indubitateque
1069 3742 1208 3812 corruptis

190 3816 216 3863 6.
234 3809 382 3862 invidiosae
394 3806 539 3877 fortunae]
560 3810 660 3863 rleR.
695 3811 887 3862 coersmentariis
904 3811 941 3875 b.)

153 3880 363 3950 invidiosumque
383 3877 529 3948 fortunam
554 3879 659 3934 Ruhnk.
730 3884 774 3932 22.
798 3881 958 3949 temperato]
977 3880 1075 3934 APbtt.
1094 3889 1208 3934 tentato

153 3949 260 4014 (Verum
269 3957 320 4004 ests
340 3947 478 4014 „Caesmis
486 3952 661 4016 nomenque·
695 3950 835 4001 Puteanus.
846 3958 977 4001 tenuram
988 3951 1120 4003 Heinsius·
1132 3950 1206 4006 Nlbll

155 4035 213 4072 oum
232 4022 358 4073 invidiosa
376 4020 478 4072 tortum
493 4034 540 4085 per
554 4034 582 4070 se
597 4036 660 4072 con·
695 4020 851 4074 mutandum.
879 4022 942 4074 Est:
957 4037 1024 4087 „pro
1033 4022 1110 4088 pretii
1124 4022 1204 4075 modo

152 4091 241 4142 iuncta
259 4090 351 4157 erat.'')
695 4091 735 4142 vsi
752 4092 848 4143 maiore
868 4094 909 4143 vel
927 4092 1026 4143 minore
1045 4092 1204 4148 transacts.”

188 4165 215 4214 i.
229 4156 310 4227 orbis]
318 4161 416 4214 spon.
428 4155 485 4211 orbi
492 4157 661 4212 Burmannus.
732 4160 912 4226 dissonante]
929 4165 960 4215 Α.
977 4164 1048 4215 COS.
1064 4162 1141 4215 Pbli.
