<?xml version="1.0" encoding="UTF-8"?>
<!DOCTYPE html PUBLIC "-//W3C//DTD XHTML 1.0 Transitional//EN"
    "http://www.w3.org/TR/xhtml1/DTD/xhtml1-transitional.dtd">
<html xmlns="http://www.w3.org/1999/xhtml" xml:lang="en" lang="en">
 <head>
  <title>
</title>
<meta http-equiv="Content-Type" content="text/html;charset=utf-8" />
  <meta name='ocr-system' content='tesseract 3.04.00' />
  <meta name='ocr-capabilities' content='ocr_page ocr_carea ocr_par ocr_line ocrx_word'/>
</head>
<body>
  <div class='ocr_page' id='page_1' title='image "./cvelleipatercul00orelgoog_0162.png"; bbox 0 0 2536 4590; ppageno 0'>
   <div class='ocr_carea' id='block_1_1' title="bbox 463 196 745 275">
    <p class='ocr_par' dir='ltr' id='par_1_1' title="bbox 463 196 745 275">
     <span class='ocr_line' id='line_1_1' title="bbox 463 196 745 275; baseline 0.014 -4"><span class='ocrx_word' id='word_1_1' title='bbox 463 196 745 275; x_wconf 74' lang='lat' dir='ltr'><strong>-ldl—</strong></span> 
     </span>
    </p>
   </div>
   <div class='ocr_carea' id='block_1_2' title="bbox 10 382 1170 3009">
    <p class='ocr_par' dir='ltr' id='par_1_2' title="bbox 74 382 1164 680">
     <span class='ocr_line' id='line_1_2' title="bbox 74 382 1121 473; baseline -0.004 -25"><span class='ocrx_word' id='word_1_2' title='bbox 74 382 94 448; x_wconf 80' lang='lat' dir='ltr'><strong>l</strong></span> <span class='ocrx_word' id='word_1_3' title='bbox 173 390 307 453; x_wconf 85' lang='lat' dir='ltr'>CXXIV.</span> <span class='ocrx_word' id='word_1_4' title='bbox 351 386 434 465; x_wconf 84' lang='lat' dir='ltr'><strong>Quid</strong></span> <span class='ocrx_word' id='word_1_5' title='bbox 455 400 529 449; x_wconf 89' lang='lat' dir='ltr'><strong>tune</strong></span> <span class='ocrx_word' id='word_1_6' title='bbox 549 385 692 447; x_wconf 90' lang='lat' dir='ltr'><strong>homines</strong></span> <span class='ocrx_word' id='word_1_7' title='bbox 713 385 890 466; x_wconf 86' lang='lat' dir='ltr'><strong>timuerint,</strong></span> <span class='ocrx_word' id='word_1_8' title='bbox 919 413 998 473; x_wconf 80' lang='lat' dir='ltr'><strong>quae</strong></span> <span class='ocrx_word' id='word_1_9' title='bbox 1031 413 1121 457; x_wconf 66' lang='lat' dir='ltr'><strong>sena.</strong></span> 
     </span>
     <span class='ocr_line' id='line_1_3' title="bbox 107 487 1164 575; baseline 0.01 -27"><span class='ocrx_word' id='word_1_10' title='bbox 107 500 144 551; x_wconf 87' lang='lat' dir='ltr'><strong>tus</strong></span> <span class='ocrx_word' id='word_1_11' title='bbox 160 493 330 572; x_wconf 68' lang='lat' dir='ltr'>trepidatio,</span> <span class='ocrx_word' id='word_1_12' title='bbox 363 512 443 573; x_wconf 92' lang='lat' dir='ltr'><strong>quae</strong></span> <span class='ocrx_word' id='word_1_13' title='bbox 465 489 575 570; x_wconf 91' lang='lat' dir='ltr'><strong>populi</strong></span> <span class='ocrx_word' id='word_1_14' title='bbox 598 487 759 564; x_wconf 84' lang='lat' dir='ltr'><strong>contusio,</strong></span> <span class='ocrx_word' id='word_1_15' title='bbox 793 490 864 572; x_wconf 89' lang='lat' dir='ltr'><strong>quis</strong></span> <span class='ocrx_word' id='word_1_16' title='bbox 895 496 983 556; x_wconf 87' lang='lat' dir='ltr'><strong>urbis</strong></span> <span class='ocrx_word' id='word_1_17' title='bbox 1012 509 1122 575; x_wconf 87' lang='lat' dir='ltr'><strong>metus,</strong></span> <span class='ocrx_word' id='word_1_18' title='bbox 1159 540 1164 547; x_wconf 80' lang='lat'><em>,</em></span> 
     </span>
     <span class='ocr_line' id='line_1_4' title="bbox 107 590 1123 680; baseline 0.013 -32"><span class='ocrx_word' id='word_1_19' title='bbox 107 591 224 673; x_wconf 87' lang='lat' dir='ltr'><strong>inquam</strong></span> <span class='ocrx_word' id='word_1_20' title='bbox 249 606 333 654; x_wconf 89' lang='lat' dir='ltr'><strong>arcto</strong></span> <span class='ocrx_word' id='word_1_21' title='bbox 359 593 466 653; x_wconf 88' lang='lat' dir='ltr'><strong>salutis</strong></span> <span class='ocrx_word' id='word_1_22' title='bbox 488 591 637 671; x_wconf 88' lang='lat' dir='ltr'><strong>exitiique</strong></span> <span class='ocrx_word' id='word_1_23' title='bbox 658 590 810 651; x_wconf 87' lang='lat' dir='ltr'><strong>fuerimus</strong></span> <span class='ocrx_word' id='word_1_24' title='bbox 831 595 987 674; x_wconf 86' lang='lat' dir='ltr'><strong>confinio,</strong></span> <span class='ocrx_word' id='word_1_25' title='bbox 1018 619 1123 680; x_wconf 91' lang='lat' dir='ltr'><strong>neque</strong></span> 
     </span>
    </p>

    <p class='ocr_par' dir='ltr' id='par_1_3' title="bbox 18 690 1143 1088">
     <span class='ocr_line' id='line_1_5' title="bbox 18 690 1122 780; baseline 0.012 -30"><span class='ocrx_word' id='word_1_26' title='bbox 18 692 24 703; x_wconf 82' lang='lat'><strong>‘</strong></span> <span class='ocrx_word' id='word_1_27' title='bbox 108 690 164 751; x_wconf 79' lang='lat' dir='ltr'><strong>mitt</strong></span> <span class='ocrx_word' id='word_1_28' title='bbox 180 706 241 756; x_wconf 66' lang='lat' dir='ltr'><strong>tam,</strong></span> <span class='ocrx_word' id='word_1_29' title='bbox 256 694 416 756; x_wconf 68' lang='lat' dir='ltr'><strong>festinanti</strong></span> <span class='ocrx_word' id='word_1_30' title='bbox 437 694 612 773; x_wconf 82' lang='lat' dir='ltr'><strong>exprimere</strong></span> <span class='ocrx_word' id='word_1_31' title='bbox 632 703 721 754; x_wconf 84' lang='lat' dir='ltr'><strong>vacat</strong></span> <span class='ocrx_word' id='word_1_32' title='bbox 748 713 850 776; x_wconf 90' lang='lat' dir='ltr'><strong>neque</strong></span> <span class='ocrx_word' id='word_1_33' title='bbox 872 700 922 757; x_wconf 85' lang='lat' dir='ltr'><strong>cui</strong></span> <span class='ocrx_word' id='word_1_34' title='bbox 942 712 1031 760; x_wconf 82' lang='lat' dir='ltr'><strong>vacat</strong></span> <span class='ocrx_word' id='word_1_35' title='bbox 1050 713 1122 780; x_wconf 88' lang='lat' dir='ltr'><strong>pot·</strong></span> 
     </span>
     <span class='ocr_line' id='line_1_6' title="bbox 108 781 1143 876; baseline 0.014 -26"><span class='ocrx_word' id='word_1_36' title='bbox 108 781 156 852; x_wconf 76' lang='lat' dir='ltr'><strong>est.</strong></span> <span class='ocrx_word' id='word_1_37' title='bbox 178 796 210 857; x_wconf 88' lang='lat' dir='ltr'><strong>ld</strong></span> <span class='ocrx_word' id='word_1_38' title='bbox 231 798 335 858; x_wconf 91' lang='lat' dir='ltr'><strong>solum</strong></span> <span class='ocrx_word' id='word_1_39' title='bbox 358 816 434 858; x_wconf 87' lang='lat' dir='ltr'><strong>voce</strong></span> <span class='ocrx_word' id='word_1_40' title='bbox 465 797 589 876; x_wconf 89' lang='lat' dir='ltr'><strong>publica</strong></span> <span class='ocrx_word' id='word_1_41' title='bbox 621 793 736 855; x_wconf 84' lang='lat' dir='ltr'><strong>dixisse</strong></span> <span class='ocrx_word' id='word_1_42' title='bbox 762 796 880 858; x_wconf 88' lang='lat' dir='ltr'><strong>habeo:</strong></span> <span class='ocrx_word' id='word_1_43' title='bbox 916 801 1004 861; x_wconf 89' lang='lat' dir='ltr'><strong>cuius</strong></span> <span class='ocrx_word' id='word_1_44' title='bbox 1036 803 1143 864; x_wconf 79' lang='lat' dir='ltr'><strong>orbis⁵</strong></span> 
     </span>
     <span class='ocr_line' id='line_1_7' title="bbox 107 892 1125 980; baseline 0.018 -32"><span class='ocrx_word' id='word_1_45' title='bbox 107 892 201 958; x_wconf 86' lang='lat' dir='ltr'><strong>ruinam</strong></span> <span class='ocrx_word' id='word_1_46' title='bbox 219 899 444 972; x_wconf 86' lang='lat' dir='ltr'><strong>timueramus,</strong></span> <span class='ocrx_word' id='word_1_47' title='bbox 470 917 541 956; x_wconf 89' lang='lat' dir='ltr'><strong>eum</strong></span> <span class='ocrx_word' id='word_1_48' title='bbox 570 917 610 956; x_wconf 92' lang='lat' dir='ltr'><strong>ne</strong></span> <span class='ocrx_word' id='word_1_49' title='bbox 644 911 830 958; x_wconf 90' lang='lat' dir='ltr'><strong>commotum</strong></span> <span class='ocrx_word' id='word_1_50' title='bbox 863 901 988 980; x_wconf 90' lang='lat' dir='ltr'><strong>quidem</strong></span> <span class='ocrx_word' id='word_1_51' title='bbox 1023 905 1125 966; x_wconf 88' lang='lat' dir='ltr'><strong>sensi-</strong></span> 
     </span>
     <span class='ocr_line' id='line_1_8' title="bbox 107 998 1123 1088; baseline 0.013 -34"><span class='ocrx_word' id='word_1_52' title='bbox 107 1011 166 1056; x_wconf 85' lang='lat' dir='ltr'><strong>mus.</strong></span> <span class='ocrx_word' id='word_1_53' title='bbox 181 1010 324 1081; x_wconf 89' lang='lat' dir='ltr'><strong>tantaque</strong></span> <span class='ocrx_word' id='word_1_54' title='bbox 348 1001 440 1060; x_wconf 89' lang='lat' dir='ltr'><strong>unius</strong></span> <span class='ocrx_word' id='word_1_55' title='bbox 462 999 523 1060; x_wconf 86' lang='lat' dir='ltr'><strong>viri</strong></span> <span class='ocrx_word' id='word_1_56' title='bbox 544 998 686 1060; x_wconf 86' lang='lat' dir='ltr'><strong>maiestas</strong></span> <span class='ocrx_word' id='word_1_57' title='bbox 709 999 785 1076; x_wconf 87' lang='lat' dir='ltr'><strong>suit,</strong></span> <span class='ocrx_word' id='word_1_58' title='bbox 807 1013 896 1061; x_wconf 86' lang='lat' dir='ltr'><strong>utne</strong></span> <span class='ocrx_word' id='word_1_59' title='bbox 913 1005 1003 1064; x_wconf 90' lang='lat' dir='ltr'><strong>bonis</strong></span> <span class='ocrx_word' id='word_1_60' title='bbox 1019 1027 1123 1088; x_wconf 88' lang='lat' dir='ltr'><strong>neque</strong></span> 
     </span>
    </p>

    <p class='ocr_par' dir='ltr' id='par_1_4' title="bbox 10 1102 1124 1183">
     <span class='ocr_line' id='line_1_9' title="bbox 10 1102 1124 1183; baseline 0.018 -32"><span class='ocrx_word' id='word_1_61' title='bbox 10 1108 17 1151; x_wconf 93' lang='lat' dir='ltr'><strong>t</strong></span> <span class='ocrx_word' id='word_1_62' title='bbox 84 1103 189 1160; x_wconf 81' lang='lat' dir='ltr'><strong>acerna</strong></span> <span class='ocrx_word' id='word_1_63' title='bbox 206 1104 303 1164; x_wconf 85' lang='lat' dir='ltr'><strong>malos</strong></span> <span class='ocrx_word' id='word_1_64' title='bbox 326 1123 406 1183; x_wconf 90' lang='lat' dir='ltr'><strong>opus</strong></span> <span class='ocrx_word' id='word_1_65' title='bbox 428 1102 520 1161; x_wconf 84' lang='lat' dir='ltr'><strong>aroris</strong></span> <span class='ocrx_word' id='word_1_66' title='bbox 545 1102 659 1160; x_wconf 82' lang='lat' dir='ltr'><strong>forent.</strong></span> <span class='ocrx_word' id='word_1_67' title='bbox 699 1102 771 1162; x_wconf 88' lang='lat' dir='ltr'><strong>Una</strong></span> <span class='ocrx_word' id='word_1_68' title='bbox 789 1115 892 1163; x_wconf 88' lang='lat' dir='ltr'><strong>tamen</strong></span> <span class='ocrx_word' id='word_1_69' title='bbox 911 1107 1008 1167; x_wconf 88' lang='lat' dir='ltr'><strong>veluti</strong></span> <span class='ocrx_word' id='word_1_70' title='bbox 1024 1110 1124 1176; x_wconf 87' lang='lat' dir='ltr'><strong>lucta-</strong></span> 
     </span>
    </p>

    <p class='ocr_par' dir='ltr' id='par_1_5' title="bbox 10 1196 1124 1287">
     <span class='ocr_line' id='line_1_10' title="bbox 10 1196 1124 1287; baseline 0.014 -34"><span class='ocrx_word' id='word_1_71' title='bbox 10 1215 13 1237; x_wconf 82' lang='lat'><strong>¹</strong></span> <span class='ocrx_word' id='word_1_72' title='bbox 106 1196 137 1256; x_wconf 88' lang='lat' dir='ltr'><strong>tio</strong></span> <span class='ocrx_word' id='word_1_73' title='bbox 154 1203 271 1265; x_wconf 81' lang='lat' dir='ltr'><strong>civitatis</strong></span> <span class='ocrx_word' id='word_1_74' title='bbox 299 1204 358 1267; x_wconf 84' lang='lat' dir='ltr'><strong>fuir</strong></span> <span class='ocrx_word' id='word_1_75' title='bbox 388 1203 552 1284; x_wconf 83' lang='lat' dir='ltr'><strong>pugnantis</strong></span> <span class='ocrx_word' id='word_1_76' title='bbox 580 1222 651 1262; x_wconf 91' lang='lat' dir='ltr'><strong>cum</strong></span> <span class='ocrx_word' id='word_1_77' title='bbox 683 1200 814 1263; x_wconf 78' lang='lat' dir='ltr'><strong>Caesare</strong></span> <span class='ocrx_word' id='word_1_78' title='bbox 846 1217 970 1266; x_wconf 89' lang='lat' dir='ltr'><strong>senatus</strong></span> <span class='ocrx_word' id='word_1_79' title='bbox 998 1210 1124 1287; x_wconf 90' lang='lat' dir='ltr'><strong>populi·</strong></span> 
     </span>
    </p>

    <p class='ocr_par' dir='ltr' id='par_1_6' title="bbox 31 1294 1159 1388">
     <span class='ocr_line' id='line_1_11' title="bbox 31 1294 1159 1388; baseline 0.001 -22"><span class='ocrx_word' id='word_1_80' title='bbox 31 1294 35 1299; x_wconf 37' lang='lat'><strong>⁴</strong></span> <span class='ocrx_word' id='word_1_81' title='bbox 60 1334 64 1341; x_wconf 94' lang='lat'>·</span> <span class='ocrx_word' id='word_1_82' title='bbox 106 1318 150 1378; x_wconf 70' lang='lat' dir='ltr'><strong>(tte</strong></span> <span class='ocrx_word' id='word_1_83' title='bbox 166 1303 210 1383; x_wconf 72' lang='lat' dir='ltr'><strong>ll,</strong></span> <span class='ocrx_word' id='word_1_84' title='bbox 230 1319 265 1368; x_wconf 95' lang='lat' dir='ltr'><strong>ut</strong></span> <span class='ocrx_word' id='word_1_85' title='bbox 286 1308 413 1368; x_wconf 87' lang='lat' dir='ltr'><strong>stationi</strong></span> <span class='ocrx_word' id='word_1_86' title='bbox 432 1319 581 1387; x_wconf 90' lang='lat' dir='ltr'><strong>paternae</strong></span> <span class='ocrx_word' id='word_1_87' title='bbox 603 1302 798 1367; x_wconf 85' lang='lat' dir='ltr'><strong>succederet:</strong></span> <span class='ocrx_word' id='word_1_88' title='bbox 822 1305 922 1383; x_wconf 90' lang='lat' dir='ltr'><strong>illius,</strong></span> <span class='ocrx_word' id='word_1_89' title='bbox 954 1310 1000 1367; x_wconf 79' lang='lat' dir='ltr'><strong>ut&#39;</strong></span> <span class='ocrx_word' id='word_1_90' title='bbox 1017 1310 1122 1388; x_wconf 89' lang='lat' dir='ltr'><strong>potius</strong></span> <span class='ocrx_word' id='word_1_91' title='bbox 1132 1331 1159 1368; x_wconf 83' lang='grc' dir='ltr'><strong>ιο</strong></span> 
     </span>
    </p>

    <p class='ocr_par' dir='ltr' id='par_1_7' title="bbox 10 1407 1124 1492">
     <span class='ocr_line' id='line_1_12' title="bbox 10 1407 1124 1492; baseline 0.008 -28"><span class='ocrx_word' id='word_1_92' title='bbox 10 1470 12 1475; x_wconf 47' lang='lat'>‚</span> <span class='ocrx_word' id='word_1_93' title='bbox 106 1407 235 1482; x_wconf 69' lang='lat' dir='ltr'><strong>repetem</strong></span> <span class='ocrx_word' id='word_1_94' title='bbox 256 1408 354 1470; x_wconf 83' lang='lat' dir='ltr'><strong>civem</strong></span> <span class='ocrx_word' id='word_1_95' title='bbox 377 1429 471 1488; x_wconf 91' lang='lat' dir='ltr'><strong>quam</strong></span> <span class='ocrx_word' id='word_1_96' title='bbox 492 1407 678 1468; x_wconf 84' lang='lat' dir='ltr'><strong>eminentem</strong></span> <span class='ocrx_word' id='word_1_97' title='bbox 703 1407 812 1467; x_wconf 90' lang='lat' dir='ltr'><strong>liceret</strong></span> <span class='ocrx_word' id='word_1_98' title='bbox 832 1430 921 1488; x_wconf 84' lang='lat' dir='ltr'><strong>agere</strong></span> <span class='ocrx_word' id='word_1_99' title='bbox 940 1411 1124 1492; x_wconf 87' lang='lat' dir='ltr'><strong>principem.</strong></span> 
     </span>
    </p>

    <p class='ocr_par' dir='ltr' id='par_1_8' title="bbox 23 1503 1124 1596">
     <span class='ocr_line' id='line_1_13' title="bbox 23 1503 1124 1596; baseline 0.008 -31"><span class='ocrx_word' id='word_1_100' title='bbox 23 1552 31 1559; x_wconf 90' lang='lat'>.</span> <span class='ocrx_word' id='word_1_101' title='bbox 55 1528 58 1533; x_wconf 92' lang='grc'>·</span> <span class='ocrx_word' id='word_1_102' title='bbox 105 1503 202 1570; x_wconf 80' lang='lat' dir='ltr'><strong>tantem</strong></span> <span class='ocrx_word' id='word_1_103' title='bbox 221 1510 318 1588; x_wconf 85' lang='lat' dir='ltr'><strong>magis</strong></span> <span class='ocrx_word' id='word_1_104' title='bbox 340 1511 461 1571; x_wconf 87' lang='lat' dir='ltr'><strong>ratione</strong></span> <span class='ocrx_word' id='word_1_105' title='bbox 484 1530 577 1591; x_wconf 89' lang='lat' dir='ltr'><strong>quam</strong></span> <span class='ocrx_word' id='word_1_106' title='bbox 599 1511 720 1571; x_wconf 86' lang='lat' dir='ltr'><strong>honore</strong></span> <span class='ocrx_word' id='word_1_107' title='bbox 740 1511 838 1571; x_wconf 85' lang='lat' dir='ltr'><strong>victus</strong></span> <span class='ocrx_word' id='word_1_108' title='bbox 864 1524 924 1588; x_wconf 86' lang='lat' dir='ltr'><strong>est,</strong></span> <span class='ocrx_word' id='word_1_109' title='bbox 946 1534 1016 1574; x_wconf 92' lang='lat' dir='ltr'><strong>cum</strong></span> <span class='ocrx_word' id='word_1_110' title='bbox 1036 1513 1124 1596; x_wconf 88' lang='lat' dir='ltr'><strong>quic·</strong></span> 
     </span>
    </p>

    <p class='ocr_par' dir='ltr' id='par_1_9' title="bbox 10 1602 1123 1797">
     <span class='ocr_line' id='line_1_14' title="bbox 10 1602 1123 1699; baseline 0.011 -33"><span class='ocrx_word' id='word_1_111' title='bbox 10 1623 28 1660; x_wconf 74' lang='lat' dir='ltr'><strong>t·</strong></span> <span class='ocrx_word' id='word_1_112' title='bbox 105 1602 164 1679; x_wconf 82' lang='lat' dir='ltr'><strong>quid</strong></span> <span class='ocrx_word' id='word_1_113' title='bbox 177 1611 323 1674; x_wconf 87' lang='lat' dir='ltr'><strong>tuendum</strong></span> <span class='ocrx_word' id='word_1_114' title='bbox 345 1632 410 1673; x_wconf 89' lang='lat' dir='ltr'><strong>non</strong></span> <span class='ocrx_word' id='word_1_115' title='bbox 431 1613 630 1692; x_wconf 80' lang='lat' dir='ltr'><strong>suscepisset,</strong></span> <span class='ocrx_word' id='word_1_116' title='bbox 651 1613 825 1690; x_wconf 91' lang='lat' dir='ltr'><strong>periturum</strong></span> <span class='ocrx_word' id='word_1_117' title='bbox 846 1611 974 1677; x_wconf 83' lang='lat' dir='ltr'><strong>videret.</strong></span> <span class='ocrx_word' id='word_1_118' title='bbox 1002 1618 1123 1699; x_wconf 86' lang='lat' dir='ltr'><strong>solique</strong></span> 
     </span>
     <span class='ocr_line' id='line_1_15' title="bbox 104 1701 1123 1797; baseline 0.018 -37"><span class='ocrx_word' id='word_1_119' title='bbox 104 1701 159 1767; x_wconf 87' lang='lat' dir='ltr'><strong>huic</strong></span> <span class='ocrx_word' id='word_1_120' title='bbox 178 1715 299 1792; x_wconf 84' lang='lat' dir='ltr'><strong>contigit</strong></span> <span class='ocrx_word' id='word_1_121' title='bbox 318 1734 417 1794; x_wconf 87' lang='lat' dir='ltr'><strong>paene</strong></span> <span class='ocrx_word' id='word_1_122' title='bbox 442 1712 557 1775; x_wconf 89' lang='lat' dir='ltr'><strong>diutius</strong></span> <span class='ocrx_word' id='word_1_123' title='bbox 584 1733 728 1775; x_wconf 88' lang='lat' dir='ltr'><strong>recusare</strong></span> <span class='ocrx_word' id='word_1_124' title='bbox 759 1713 984 1793; x_wconf 81' lang='lat' dir='ltr'><strong>principatum,</strong></span> <span class='ocrx_word' id='word_1_125' title='bbox 1018 1739 1123 1797; x_wconf 87' lang='lat' dir='ltr'><strong>quam,</strong></span> 
     </span>
    </p>

    <p class='ocr_par' dir='ltr' id='par_1_10' title="bbox 10 1804 1160 1895">
     <span class='ocr_line' id='line_1_16' title="bbox 10 1804 1160 1895; baseline 0.002 -25"><span class='ocrx_word' id='word_1_126' title='bbox 10 1825 22 1852; x_wconf 60' lang='lat'><em>⁸</em></span> <span class='ocrx_word' id='word_1_127' title='bbox 78 1804 130 1863; x_wconf 60' lang='lat' dir='ltr'><strong>iul</strong></span> <span class='ocrx_word' id='word_1_128' title='bbox 144 1827 317 1894; x_wconf 81' lang='lat' dir='ltr'><strong>occuparent</strong></span> <span class='ocrx_word' id='word_1_129' title='bbox 338 1837 426 1892; x_wconf 86' lang='lat' dir='ltr'><strong>eum,</strong></span> <span class='ocrx_word' id='word_1_130' title='bbox 449 1818 502 1877; x_wconf 88' lang='lat' dir='ltr'><strong>alii</strong></span> <span class='ocrx_word' id='word_1_131' title='bbox 523 1816 616 1876; x_wconf 90' lang='lat' dir='ltr'><strong>armis</strong></span> <span class='ocrx_word' id='word_1_132' title='bbox 640 1826 863 1895; x_wconf 86' lang='lat' dir='ltr'><strong>pugnaverant.</strong></span> <span class='ocrx_word' id='word_1_133' title='bbox 914 1817 989 1875; x_wconf 88' lang='lat' dir='ltr'><strong>Post</strong></span> <span class='ocrx_word' id='word_1_134' title='bbox 1017 1816 1160 1887; x_wconf 23' lang='lat' dir='ltr'><strong>reddi-1¹⁵</strong></span> 
     </span>
    </p>

    <p class='ocr_par' dir='ltr' id='par_1_11' title="bbox 10 1913 1125 1997">
     <span class='ocr_line' id='line_1_17' title="bbox 10 1913 1125 1997; baseline 0.005 -26"><span class='ocrx_word' id='word_1_135' title='bbox 10 1929 20 1962; x_wconf 65' lang='lat' dir='ltr'><strong>s</strong></span> <span class='ocrx_word' id='word_1_136' title='bbox 104 1913 155 1971; x_wconf 79' lang='lat' dir='ltr'><strong>lum</strong></span> <span class='ocrx_word' id='word_1_137' title='bbox 179 1920 260 1978; x_wconf 88' lang='lat' dir='ltr'><strong>caelo</strong></span> <span class='ocrx_word' id='word_1_138' title='bbox 289 1929 411 1996; x_wconf 88' lang='lat' dir='ltr'><strong>patrem</strong></span> <span class='ocrx_word' id='word_1_139' title='bbox 443 1930 473 1977; x_wconf 93' lang='lat' dir='ltr'><strong>et</strong></span> <span class='ocrx_word' id='word_1_140' title='bbox 505 1937 618 1997; x_wconf 88' lang='lat' dir='ltr'><strong>corpus</strong></span> <span class='ocrx_word' id='word_1_141' title='bbox 659 1917 725 1975; x_wconf 92' lang='lat' dir='ltr'><strong>eius</strong></span> <span class='ocrx_word' id='word_1_142' title='bbox 760 1915 904 1975; x_wconf 87' lang='lat' dir='ltr'><strong>humanis</strong></span> <span class='ocrx_word' id='word_1_143' title='bbox 940 1916 1125 1994; x_wconf 89' lang='lat' dir='ltr'><strong>honoribus,</strong></span> 
     </span>
    </p>

    <p class='ocr_par' dir='ltr' id='par_1_12' title="bbox 10 2017 1124 2100">
     <span class='ocr_line' id='line_1_18' title="bbox 10 2017 1124 2100; baseline 0.005 -26"><span class='ocrx_word' id='word_1_144' title='bbox 10 2040 16 2053; x_wconf 91' lang='lat'>·</span> <span class='ocrx_word' id='word_1_145' title='bbox 102 2023 194 2078; x_wconf 75' lang='lat' dir='ltr'><strong>ltomen</strong></span> <span class='ocrx_word' id='word_1_146' title='bbox 215 2018 328 2083; x_wconf 87' lang='lat' dir='ltr'><strong>divinis</strong></span> <span class='ocrx_word' id='word_1_147' title='bbox 349 2020 539 2081; x_wconf 88' lang='lat' dir='ltr'><strong>honoratum</strong></span> <span class='ocrx_word' id='word_1_148' title='bbox 560 2020 698 2099; x_wconf 88' lang='lat' dir='ltr'><strong>primum</strong></span> <span class='ocrx_word' id='word_1_149' title='bbox 722 2018 939 2098; x_wconf 89' lang='lat' dir='ltr'><strong>principalium</strong></span> <span class='ocrx_word' id='word_1_150' title='bbox 961 2017 1027 2079; x_wconf 88' lang='lat' dir='ltr'><strong>eius</strong></span> <span class='ocrx_word' id='word_1_151' title='bbox 1048 2039 1124 2100; x_wconf 90' lang='lat' dir='ltr'><strong>ope·</strong></span> 
     </span>
    </p>

    <p class='ocr_par' dir='ltr' id='par_1_13' title="bbox 10 2119 1124 2202">
     <span class='ocr_line' id='line_1_19' title="bbox 10 2119 1124 2202; baseline 0.004 -25"><span class='ocrx_word' id='word_1_152' title='bbox 10 2141 14 2154; x_wconf 88' lang='grc'><em>·</em></span> <span class='ocrx_word' id='word_1_153' title='bbox 80 2123 156 2187; x_wconf 64' lang='lat' dir='ltr'><strong>‚lum</strong></span> <span class='ocrx_word' id='word_1_154' title='bbox 175 2121 232 2182; x_wconf 84' lang='lat' dir='ltr'><strong>init</strong></span> <span class='ocrx_word' id='word_1_155' title='bbox 253 2119 408 2183; x_wconf 85' lang='lat' dir='ltr'><strong>ordinatio</strong></span> <span class='ocrx_word' id='word_1_156' title='bbox 431 2122 644 2199; x_wconf 81' lang='lat' dir='ltr'><strong>comitiorum,</strong></span> <span class='ocrx_word' id='word_1_157' title='bbox 670 2142 763 2202; x_wconf 89' lang='lat' dir='ltr'><strong>quam</strong></span> <span class='ocrx_word' id='word_1_158' title='bbox 781 2141 876 2180; x_wconf 88' lang='lat' dir='ltr'><strong>manu</strong></span> <span class='ocrx_word' id='word_1_159' title='bbox 900 2141 957 2180; x_wconf 89' lang='lat' dir='ltr'><strong>sua</strong></span> <span class='ocrx_word' id='word_1_160' title='bbox 978 2121 1124 2200; x_wconf 87' lang='lat' dir='ltr'><strong>scriptam</strong></span> 
     </span>
    </p>

    <p class='ocr_par' dir='ltr' id='par_1_14' title="bbox 75 2201 1170 2306">
     <span class='ocr_line' id='line_1_20' title="bbox 75 2201 1170 2306; baseline 0.003 -25"><span class='ocrx_word' id='word_1_161' title='bbox 75 2201 129 2270; x_wconf 76' lang='lat' dir='ltr'><strong>⁴D,</strong></span> <span class='ocrx_word' id='word_1_162' title='bbox 148 2220 296 2302; x_wconf 77' lang='lat' dir='ltr'><strong>Augustus</strong></span> <span class='ocrx_word' id='word_1_163' title='bbox 319 2225 500 2304; x_wconf 78' lang='lat' dir='ltr'><strong>reliquerat.</strong></span> <span class='ocrx_word' id='word_1_164' title='bbox 533 2244 604 2305; x_wconf 18' lang='lat' dir='ltr'><strong>*quo</strong></span> <span class='ocrx_word' id='word_1_165' title='bbox 628 2235 767 2301; x_wconf 88' lang='lat' dir='ltr'><strong>tempore</strong></span> <span class='ocrx_word' id='word_1_166' title='bbox 788 2222 865 2282; x_wconf 93' lang='lat' dir='ltr'><strong>mihi</strong></span> <span class='ocrx_word' id='word_1_167' title='bbox 882 2221 1035 2303; x_wconf 88' lang='lat' dir='ltr'><strong>fratrique</strong></span> <span class='ocrx_word' id='word_1_168' title='bbox 1052 2242 1123 2284; x_wconf 91' lang='lat' dir='ltr'><strong>meo</strong></span> <span class='ocrx_word' id='word_1_169' title='bbox 1164 2299 1170 2306; x_wconf 20' lang='grc' dir='ltr'><em>Α</em></span> 
     </span>
    </p>

    <p class='ocr_par' dir='ltr' id='par_1_15' title="bbox 10 2304 1160 2509">
     <span class='ocr_line' id='line_1_21' title="bbox 10 2304 1160 2405; baseline -0.001 -23"><span class='ocrx_word' id='word_1_170' title='bbox 10 2304 38 2353; x_wconf 48' lang='grc'><strong>·’</strong></span> <span class='ocrx_word' id='word_1_171' title='bbox 94 2317 254 2387; x_wconf 64' lang='lat' dir='ltr'><strong>cmtdidatos</strong></span> <span class='ocrx_word' id='word_1_172' title='bbox 278 2325 417 2386; x_wconf 88' lang='lat' dir='ltr'><strong>Caesaris</strong></span> <span class='ocrx_word' id='word_1_173' title='bbox 437 2325 581 2405; x_wconf 90' lang='lat' dir='ltr'><strong>proxime</strong></span> <span class='ocrx_word' id='word_1_174' title='bbox 604 2345 622 2383; x_wconf 92' lang='lat' dir='ltr'><strong>a</strong></span> <span class='ocrx_word' id='word_1_175' title='bbox 645 2323 843 2384; x_wconf 89' lang='lat' dir='ltr'><strong>nobilissimis</strong></span> <span class='ocrx_word' id='word_1_176' title='bbox 862 2345 896 2384; x_wconf 89' lang='lat' dir='ltr'><strong>ac</strong></span> <span class='ocrx_word' id='word_1_177' title='bbox 912 2324 1123 2387; x_wconf 89' lang='lat' dir='ltr'><strong>sacerdotibus</strong></span> <span class='ocrx_word' id='word_1_178' title='bbox 1131 2343 1160 2383; x_wconf 63' lang='grc' dir='ltr'><strong>πο</strong></span> 
     </span>
     <span class='ocr_line' id='line_1_22' title="bbox 90 2409 1123 2509; baseline 0.004 -24"><span class='ocrx_word' id='word_1_179' title='bbox 90 2409 155 2485; x_wconf 67' lang='lat' dir='ltr'><strong>viris</strong></span> <span class='ocrx_word' id='word_1_180' title='bbox 174 2424 320 2490; x_wconf 88' lang='lat' dir='ltr'><strong>destinari</strong></span> <span class='ocrx_word' id='word_1_181' title='bbox 334 2428 532 2509; x_wconf 88' lang='lat' dir='ltr'><strong>praetoribus</strong></span> <span class='ocrx_word' id='word_1_182' title='bbox 553 2426 679 2504; x_wconf 86' lang='lat' dir='ltr'><strong>contigit</strong></span> <span class='ocrx_word' id='word_1_183' title='bbox 692 2427 944 2509; x_wconf 88' lang='lat' dir='ltr'><strong>consecutisque,</strong></span> <span class='ocrx_word' id='word_1_184' title='bbox 968 2441 1002 2488; x_wconf 94' lang='lat' dir='ltr'><strong>ut</strong></span> <span class='ocrx_word' id='word_1_185' title='bbox 1020 2448 1123 2509; x_wconf 91' lang='lat' dir='ltr'><strong>neque</strong></span> 
     </span>
    </p>

    <p class='ocr_par' dir='ltr' id='par_1_16' title="bbox 81 2526 1124 2693">
     <span class='ocr_line' id='line_1_23' title="bbox 83 2526 1124 2611; baseline 0.006 -27"><span class='ocrx_word' id='word_1_186' title='bbox 83 2526 152 2586; x_wconf 73' lang='lat' dir='ltr'><strong>P⁰8t</strong></span> <span class='ocrx_word' id='word_1_187' title='bbox 169 2549 265 2591; x_wconf 87' lang='lat' dir='ltr'><strong>annos</strong></span> <span class='ocrx_word' id='word_1_188' title='bbox 289 2550 478 2611; x_wconf 89' lang='lat' dir='ltr'><strong>quemquam</strong></span> <span class='ocrx_word' id='word_1_189' title='bbox 500 2530 543 2590; x_wconf 91' lang='lat' dir='ltr'><strong>D.</strong></span> <span class='ocrx_word' id='word_1_190' title='bbox 565 2531 721 2607; x_wconf 83' lang='lat' dir='ltr'><strong>Augustus</strong></span> <span class='ocrx_word' id='word_1_191' title='bbox 744 2549 846 2610; x_wconf 90' lang='lat' dir='ltr'><strong>neque</strong></span> <span class='ocrx_word' id='word_1_192' title='bbox 869 2542 939 2590; x_wconf 89' lang='lat' dir='ltr'><strong>ante</strong></span> <span class='ocrx_word' id='word_1_193' title='bbox 962 2549 1020 2590; x_wconf 85' lang='lat' dir='ltr'><strong>nos</strong></span> <span class='ocrx_word' id='word_1_194' title='bbox 1045 2529 1124 2591; x_wconf 86' lang='lat' dir='ltr'><strong>Cae·</strong></span> 
     </span>
     <span class='ocr_line' id='line_1_24' title="bbox 81 2625 555 2693; baseline 0 -1"><span class='ocrx_word' id='word_1_195' title='bbox 81 2625 130 2678; x_wconf 61' lang='lat'><strong>⁸³1·</strong></span> <span class='ocrx_word' id='word_1_196' title='bbox 151 2630 380 2693; x_wconf 88' lang='lat' dir='ltr'><strong>commendaret</strong></span> <span class='ocrx_word' id='word_1_197' title='bbox 401 2632 555 2693; x_wconf 89' lang='lat' dir='ltr'><strong>Tiberius.</strong></span> 
     </span>
    </p>

    <p class='ocr_par' dir='ltr' id='par_1_17' title="bbox 10 2705 1123 2814">
     <span class='ocr_line' id='line_1_25' title="bbox 10 2705 1123 2814; baseline -0.003 -19"><span class='ocrx_word' id='word_1_198' title='bbox 10 2748 14 2771; x_wconf 86' lang='lat'>¹</span> <span class='ocrx_word' id='word_1_199' title='bbox 52 2705 63 2754; x_wconf 66' lang='lat'><strong>¹</strong></span> <span class='ocrx_word' id='word_1_200' title='bbox 118 2714 127 2723; x_wconf 90' lang='lat'>.</span> <span class='ocrx_word' id='word_1_201' title='bbox 161 2731 290 2797; x_wconf 81' lang='lat' dir='ltr'>CXXV.</span> <span class='ocrx_word' id='word_1_202' title='bbox 331 2733 419 2795; x_wconf 90' lang='lat' dir='ltr'><strong>Tulit</strong></span> <span class='ocrx_word' id='word_1_203' title='bbox 438 2735 581 2814; x_wconf 88' lang='lat' dir='ltr'><strong>protinus</strong></span> <span class='ocrx_word' id='word_1_204' title='bbox 612 2730 649 2790; x_wconf 82' lang='lat' dir='ltr'><strong>tu</strong></span> <span class='ocrx_word' id='word_1_205' title='bbox 678 2728 744 2790; x_wconf 88' lang='lat' dir='ltr'><strong>voti</strong></span> <span class='ocrx_word' id='word_1_206' title='bbox 775 2740 806 2789; x_wconf 92' lang='lat' dir='ltr'><strong>et</strong></span> <span class='ocrx_word' id='word_1_207' title='bbox 832 2728 952 2788; x_wconf 90' lang='lat' dir='ltr'><strong>consilii</strong></span> <span class='ocrx_word' id='word_1_208' title='bbox 979 2731 1027 2790; x_wconf 90' lang='lat' dir='ltr'><strong>sui</strong></span> <span class='ocrx_word' id='word_1_209' title='bbox 1050 2753 1123 2811; x_wconf 91' lang='lat' dir='ltr'><strong>pre·</strong></span> 
     </span>
    </p>

    <p class='ocr_par' dir='ltr' id='par_1_18' title="bbox 65 2867 1123 3009">
     <span class='ocr_line' id='line_1_26' title="bbox 148 2867 1123 2927; baseline 0 -3"><span class='ocrx_word' id='word_1_210' title='bbox 148 2875 172 2925; x_wconf 80' lang='grc'><strong>7.</strong></span> <span class='ocrx_word' id='word_1_211' title='bbox 189 2879 219 2925; x_wconf 90' lang='lat' dir='ltr'><strong>nt</strong></span> <span class='ocrx_word' id='word_1_212' title='bbox 236 2875 373 2927; x_wconf 88' lang='lat' dir='ltr'><strong>oecbonis</strong></span> <span class='ocrx_word' id='word_1_213' title='bbox 392 2875 574 2925; x_wconf 84' lang='lat' dir='ltr'><strong>contramatos</strong></span> <span class='ocrx_word' id='word_1_214' title='bbox 605 2875 631 2920; x_wconf 81' lang='grc'><strong>8.</strong></span> <span class='ocrx_word' id='word_1_215' title='bbox 647 2869 715 2920; x_wconf 78' lang='lat' dir='ltr'><strong>toret</strong></span> <span class='ocrx_word' id='word_1_216' title='bbox 741 2872 766 2918; x_wconf 88' lang='lat'><strong>9.</strong></span> <span class='ocrx_word' id='word_1_217' title='bbox 782 2867 862 2917; x_wconf 86' lang='lat' dir='ltr'><strong>civilis</strong></span> <span class='ocrx_word' id='word_1_218' title='bbox 896 2870 1047 2922; x_wconf 53' lang='lat' dir='ltr'><strong>innumeri</strong></span> <span class='ocrx_word' id='word_1_219' title='bbox 1077 2875 1123 2925; x_wconf 78' lang='lat'><strong>20.</strong></span> 
     </span>
     <span class='ocr_line' id='line_1_27' title="bbox 65 2929 1123 3009; baseline 0.001 -16"><span class='ocrx_word' id='word_1_220' title='bbox 65 2929 217 2996; x_wconf 60' lang='lat' dir='ltr'><strong>“udrosos</strong></span> <span class='ocrx_word' id='word_1_221' title='bbox 233 2949 278 2998; x_wconf 75' lang='lat'><strong>20.</strong></span> <span class='ocrx_word' id='word_1_222' title='bbox 293 2945 493 2998; x_wconf 82' lang='lat' dir='ltr'><strong>sacerdotatibus</strong></span> <span class='ocrx_word' id='word_1_223' title='bbox 518 2947 562 2994; x_wconf 80' lang='lat'><strong>21.</strong></span> <span class='ocrx_word' id='word_1_224' title='bbox 575 2940 720 2994; x_wconf 86' lang='lat' dir='ltr'><strong>consecutis</strong></span> <span class='ocrx_word' id='word_1_225' title='bbox 736 2952 848 3003; x_wconf 85' lang='lat' dir='ltr'><strong>quoque,</strong></span> <span class='ocrx_word' id='word_1_226' title='bbox 862 2943 891 2988; x_wconf 88' lang='lat' dir='ltr'><strong>ut</strong></span> <span class='ocrx_word' id='word_1_227' title='bbox 903 2953 986 3005; x_wconf 88' lang='lat' dir='ltr'><strong>neque</strong></span> <span class='ocrx_word' id='word_1_228' title='bbox 1001 2946 1060 3009; x_wconf 88' lang='lat' dir='ltr'><strong>post</strong></span> <span class='ocrx_word' id='word_1_229' title='bbox 1076 2957 1123 2994; x_wconf 89' lang='lat' dir='ltr'><strong>nos</strong></span> 
     </span>
    </p>
   </div>
   <div class='ocr_carea' id='block_1_3' title="bbox 57 3018 1124 3170">
    <p class='ocr_par' dir='ltr' id='par_1_19' title="bbox 57 3018 1124 3170">
     <span class='ocr_line' id='line_1_28' title="bbox 61 3018 1124 3120; baseline 0.018 -42"><span class='ocrx_word' id='word_1_230' title='bbox 61 3018 143 3102; x_wconf 49' lang='grc' dir='ltr'><strong>θοῇ,</strong></span> <span class='ocrx_word' id='word_1_231' title='bbox 168 3050 284 3104; x_wconf 58' lang='lat' dir='ltr'><strong>Mum,</strong></span> <span class='ocrx_word' id='word_1_232' title='bbox 310 3052 401 3120; x_wconf 75' lang='lat' dir='ltr'><strong>procul</strong></span> <span class='ocrx_word' id='word_1_233' title='bbox 423 3048 500 3100; x_wconf 88' lang='lat' dir='ltr'><strong>dubio</strong></span> <span class='ocrx_word' id='word_1_234' title='bbox 527 3054 582 3100; x_wconf 88' lang='lat' dir='ltr'><strong>erat</strong></span> <span class='ocrx_word' id='word_1_235' title='bbox 617 3051 688 3095; x_wconf 79' lang='lat' dir='ltr'><strong>tetus</strong></span> <span class='ocrx_word' id='word_1_236' title='bbox 716 3041 842 3109; x_wconf 80' lang='lat' dir='ltr'><strong>praefert:</strong></span> <span class='ocrx_word' id='word_1_237' title='bbox 866 3050 899 3090; x_wconf 81' lang='lat' dir='ltr'><strong>ut</strong></span> <span class='ocrx_word' id='word_1_238' title='bbox 922 3061 953 3093; x_wconf 79' lang='lat' dir='ltr'><strong>ne</strong></span> <span class='ocrx_word' id='word_1_239' title='bbox 971 3042 1045 3096; x_wconf 83' lang='lat' dir='ltr'><strong>bonis</strong></span> <span class='ocrx_word' id='word_1_240' title='bbox 1063 3045 1124 3116; x_wconf 86' lang='lat' dir='ltr'><strong>qui-</strong></span> 
     </span>
     <span class='ocr_line' id='line_1_29' title="bbox 57 3103 954 3170; baseline 0.027 -29"><span class='ocrx_word' id='word_1_241' title='bbox 57 3103 157 3170; x_wconf 51' lang='lat' dir='ltr'><strong>welo.</strong></span> <span class='ocrx_word' id='word_1_242' title='bbox 618 3115 674 3163; x_wconf 79' lang='lat' dir='ltr'><strong>dem</strong></span> <span class='ocrx_word' id='word_1_243' title='bbox 693 3121 786 3161; x_wconf 81' lang='lat' dir='ltr'><strong>contra</strong></span> <span class='ocrx_word' id='word_1_244' title='bbox 803 3109 886 3160; x_wconf 84' lang='lat' dir='ltr'><strong>malos</strong></span> <span class='ocrx_word' id='word_1_245' title='bbox 904 3124 954 3165; x_wconf 87' lang='lat' dir='ltr'><strong>cet.</strong></span> 
     </span>
    </p>
   </div>
   <div class='ocr_carea' id='block_1_4' title="bbox 50 3179 1123 3338">
    <p class='ocr_par' dir='ltr' id='par_1_20' title="bbox 50 3179 1123 3338">
     <span class='ocr_line' id='line_1_30' title="bbox 50 3179 1123 3338; baseline 0.036 -68"><span class='ocrx_word' id='word_1_246' title='bbox 50 3201 142 3336; x_wconf 26' lang='lat'>„035⁸</span> <span class='ocrx_word' id='word_1_247' title='bbox 158 3211 323 3338; x_wconf 53' lang='lat' dir='ltr'><strong>ffllpssp</strong></span> <span class='ocrx_word' id='word_1_248' title='bbox 342 3215 444 3266; x_wconf 65' lang='lat' dir='ltr'><strong>firman</strong></span> <span class='ocrx_word' id='word_1_249' title='bbox 471 3210 581 3263; x_wconf 62' lang='lat' dir='ltr'><strong>..nun</strong></span> <span class='ocrx_word' id='word_1_250' title='bbox 651 3179 1123 3318; x_wconf 62' lang='lat' dir='ltr'><strong>33diliil.]‘l‘1›ll&#39;fssaliltnn.</strong></span> 
     </span>
    </p>
   </div>
   <div class='ocr_carea' id='block_1_5' title="bbox 94 3327 1126 3461">
    <p class='ocr_par' dir='ltr' id='par_1_21' title="bbox 94 3327 1126 3461">
     <span class='ocr_line' id='line_1_31' title="bbox 94 3327 1126 3461; baseline -0.045 -42"><span class='ocrx_word' id='word_1_251' title='bbox 94 3365 138 3426; x_wconf 65' lang='lat'><strong>⁵,</strong></span> <span class='ocrx_word' id='word_1_252' title='bbox 156 3374 249 3441; x_wconf 64' lang='lat' dir='ltr'><strong>roseo]</strong></span> <span class='ocrx_word' id='word_1_253' title='bbox 269 3374 364 3429; x_wconf 76' lang='lat' dir='ltr'><strong>aron.</strong></span> <span class='ocrx_word' id='word_1_254' title='bbox 384 3388 449 3422; x_wconf 63' lang='lat' dir='ltr'><strong>aveo</strong></span> <span class='ocrx_word' id='word_1_255' title='bbox 467 3371 514 3424; x_wconf 76' lang='lat' dir='ltr'><strong>vn</strong></span> <span class='ocrx_word' id='word_1_256' title='bbox 532 3371 580 3423; x_wconf 73' lang='lat' dir='ltr'><strong>so.</strong></span> <span class='ocrx_word' id='word_1_257' title='bbox 615 3327 944 3461; x_wconf 43' lang='lat' dir='ltr'><strong>agg-mppppppuom]</strong></span> <span class='ocrx_word' id='word_1_258' title='bbox 967 3328 1050 3381; x_wconf 76' lang='lat' dir='ltr'><strong>ion.</strong></span> <span class='ocrx_word' id='word_1_259' title='bbox 1078 3347 1126 3381; x_wconf 71' lang='lat' dir='ltr'><strong>ra.</strong></span> 
     </span>
    </p>
   </div>
   <div class='ocr_carea' id='block_1_6' title="bbox 42 3417 1208 3584">
    <p class='ocr_par' dir='ltr' id='par_1_22' title="bbox 42 3417 1208 3584">
     <span class='ocr_line' id='line_1_32' title="bbox 42 3417 1208 3547; baseline 0.028 -57"><span class='ocrx_word' id='word_1_260' title='bbox 42 3417 132 3547; x_wconf 45' lang='lat' dir='ltr'><strong>⁸⁰2qu</strong></span> <span class='ocrx_word' id='word_1_261' title='bbox 145 3446 170 3498; x_wconf 78' lang='lat' dir='ltr'><strong>u</strong></span> <span class='ocrx_word' id='word_1_262' title='bbox 188 3462 270 3527; x_wconf 72' lang='lat' dir='ltr'><strong>marg.</strong></span> <span class='ocrx_word' id='word_1_263' title='bbox 296 3445 403 3496; x_wconf 76' lang='lat' dir='ltr'><strong>Atrine</strong></span> <span class='ocrx_word' id='word_1_264' title='bbox 432 3442 579 3494; x_wconf 70' lang='lat' dir='ltr'><strong>tiernensis.</strong></span> <span class='ocrx_word' id='word_1_265' title='bbox 651 3469 694 3514; x_wconf 79' lang='lat'><strong>20.</strong></span> <span class='ocrx_word' id='word_1_266' title='bbox 714 3463 884 3532; x_wconf 83' lang='lat' dir='ltr'><strong>candidatos]</strong></span> <span class='ocrx_word' id='word_1_267' title='bbox 911 3466 967 3520; x_wconf 75' lang='lat' dir='ltr'><strong>nr.</strong></span> <span class='ocrx_word' id='word_1_268' title='bbox 993 3467 1126 3519; x_wconf 67' lang='lat' dir='ltr'><strong>cansta-</strong></span> <span class='ocrx_word' id='word_1_269' title='bbox 1206 3458 1208 3463; x_wconf 81' lang='grc'><strong>’</strong></span> 
     </span>
     <span class='ocr_line' id='line_1_33' title="bbox 111 3514 725 3584; baseline 0.031 -18"><span class='ocrx_word' id='word_1_270' title='bbox 111 3528 144 3567; x_wconf 66' lang='grc' dir='ltr'><strong>ις</strong></span> <span class='ocrx_word' id='word_1_271' title='bbox 161 3515 244 3568; x_wconf 83' lang='lat' dir='ltr'><strong>habeo</strong></span> <span class='ocrx_word' id='word_1_272' title='bbox 264 3514 368 3566; x_wconf 79' lang='lat' dir='ltr'><strong>Ruhnlt·</strong></span> <span class='ocrx_word' id='word_1_273' title='bbox 618 3533 654 3583; x_wconf 84' lang='lat' dir='ltr'><strong>tis</strong></span> <span class='ocrx_word' id='word_1_274' title='bbox 673 3534 725 3584; x_wconf 85' lang='lat' dir='ltr'><strong>bR.</strong></span> 
     </span>
    </p>
   </div>
   <div class='ocr_carea' id='block_1_7' title="bbox 42 3599 1127 4236">
    <p class='ocr_par' dir='ltr' id='par_1_23' title="bbox 42 3599 1126 3950">
     <span class='ocr_line' id='line_1_34' title="bbox 42 3599 1126 3690; baseline 0 -33"><span class='ocrx_word' id='word_1_275' title='bbox 42 3639 57 3690; x_wconf 65' lang='lat' dir='ltr'><strong>f</strong></span> <span class='ocrx_word' id='word_1_276' title='bbox 91 3600 136 3658; x_wconf 63' lang='grc' dir='ltr'><strong>Ἰ.</strong></span> <span class='ocrx_word' id='word_1_277' title='bbox 162 3608 205 3672; x_wconf 84' lang='lat' dir='ltr'><strong>ne]</strong></span> <span class='ocrx_word' id='word_1_278' title='bbox 237 3607 268 3658; x_wconf 74' lang='lat' dir='ltr'><strong>A.</strong></span> <span class='ocrx_word' id='word_1_279' title='bbox 302 3620 350 3654; x_wconf 78' lang='lat' dir='ltr'><strong>nec</strong></span> <span class='ocrx_word' id='word_1_280' title='bbox 376 3603 451 3656; x_wconf 88' lang='lat' dir='ltr'>PhR.</span> <span class='ocrx_word' id='word_1_281' title='bbox 497 3605 582 3658; x_wconf 82' lang='lat' dir='ltr'><strong>Quam</strong></span> <span class='ocrx_word' id='word_1_282' title='bbox 653 3608 696 3653; x_wconf 84' lang='grc'><strong>20.</strong></span> <span class='ocrx_word' id='word_1_283' title='bbox 715 3599 908 3666; x_wconf 83' lang='lat' dir='ltr'><strong>sacerdotibus]</strong></span> <span class='ocrx_word' id='word_1_284' title='bbox 924 3604 1126 3658; x_wconf 80' lang='lat' dir='ltr'><strong>APbR.sacer-</strong></span> 
     </span>
     <span class='ocr_line' id='line_1_35' title="bbox 54 3654 931 3737; baseline -0.005 -9"><span class='ocrx_word' id='word_1_285' title='bbox 54 3654 141 3727; x_wconf 58' lang='grc' dir='ltr'><strong>ηδε</strong></span> <span class='ocrx_word' id='word_1_286' title='bbox 157 3679 191 3729; x_wconf 88' lang='lat' dir='ltr'><strong>sit</strong></span> <span class='ocrx_word' id='word_1_287' title='bbox 214 3682 267 3729; x_wconf 80' lang='lat' dir='ltr'><strong>tota</strong></span> <span class='ocrx_word' id='word_1_288' title='bbox 286 3674 336 3724; x_wconf 82' lang='lat' dir='ltr'><strong>ists</strong></span> <span class='ocrx_word' id='word_1_289' title='bbox 353 3674 496 3737; x_wconf 85' lang='lat' dir='ltr'><strong>sententia,</strong></span> <span class='ocrx_word' id='word_1_290' title='bbox 515 3674 582 3724; x_wconf 90' lang='lat' dir='ltr'><strong>bene</strong></span> <span class='ocrx_word' id='word_1_291' title='bbox 620 3669 755 3723; x_wconf 81' lang='lat' dir='ltr'><strong>dotalibus</strong></span> <span class='ocrx_word' id='word_1_292' title='bbox 774 3670 931 3724; x_wconf 83' lang='lat' dir='ltr'><strong>Sclrefferus.</strong></span> 
     </span>
     <span class='ocr_line' id='line_1_36' title="bbox 42 3727 1126 3812; baseline -0.006 -18"><span class='ocrx_word' id='word_1_293' title='bbox 42 3727 207 3812; x_wconf 51' lang='lat' dir='ltr'><strong>pefspexit</strong></span> <span class='ocrx_word' id='word_1_294' title='bbox 226 3744 338 3796; x_wconf 80' lang='lat' dir='ltr'><strong>‘Clodius</strong></span> <span class='ocrx_word' id='word_1_295' title='bbox 362 3759 523 3812; x_wconf 82' lang='lat' dir='ltr'><strong>proponensr</strong></span> <span class='ocrx_word' id='word_1_296' title='bbox 549 3751 581 3792; x_wconf 83' lang='lat' dir='ltr'><strong>ut</strong></span> <span class='ocrx_word' id='word_1_297' title='bbox 653 3746 697 3793; x_wconf 75' lang='lat'><strong>21.</strong></span> <span class='ocrx_word' id='word_1_298' title='bbox 717 3741 926 3812; x_wconf 83' lang='lat' dir='ltr'><strong>consecutisque]</strong></span> <span class='ocrx_word' id='word_1_299' title='bbox 946 3745 976 3797; x_wconf 79' lang='grc' dir='ltr'><strong>Α,</strong></span> <span class='ocrx_word' id='word_1_300' title='bbox 1002 3763 1126 3796; x_wconf 66' lang='lat' dir='ltr'><strong>consona.</strong></span> 
     </span>
     <span class='ocr_line' id='line_1_37' title="bbox 65 3809 1082 3883; baseline 0.005 -19"><span class='ocrx_word' id='word_1_301' title='bbox 65 3809 119 3872; x_wconf 67' lang='grc' dir='ltr'><strong>ῗῦ</strong></span> <span class='ocrx_word' id='word_1_302' title='bbox 139 3814 210 3866; x_wconf 80' lang='lat' dir='ltr'><strong>bonis</strong></span> <span class='ocrx_word' id='word_1_303' title='bbox 228 3824 322 3865; x_wconf 84' lang='lat' dir='ltr'><strong>contra</strong></span> <span class='ocrx_word' id='word_1_304' title='bbox 339 3814 523 3883; x_wconf 80' lang='lat' dir='ltr'><strong>mulcensque</strong></span> <span class='ocrx_word' id='word_1_305' title='bbox 543 3811 582 3861; x_wconf 88' lang='lat' dir='ltr'><strong>ci·</strong></span> <span class='ocrx_word' id='word_1_306' title='bbox 617 3812 654 3864; x_wconf 85' lang='lat' dir='ltr'><strong>tis</strong></span> <span class='ocrx_word' id='word_1_307' title='bbox 671 3829 774 3881; x_wconf 72' lang='lat' dir='ltr'><strong>petoque</strong></span> <span class='ocrx_word' id='word_1_308' title='bbox 791 3813 823 3862; x_wconf 94' lang='lat'><strong>0.</strong></span> <span class='ocrx_word' id='word_1_309' title='bbox 843 3817 989 3865; x_wconf 85' lang='lat' dir='ltr'><strong>consecutis</strong></span> <span class='ocrx_word' id='word_1_310' title='bbox 1006 3817 1082 3869; x_wconf 88' lang='lat' dir='ltr'>PbR.</span> 
     </span>
     <span class='ocr_line' id='line_1_38' title="bbox 47 3869 1010 3950; baseline 0.001 -17"><span class='ocrx_word' id='word_1_311' title='bbox 47 3869 152 3934; x_wconf 56' lang='lat' dir='ltr'><strong>”bem</strong></span> <span class='ocrx_word' id='word_1_312' title='bbox 167 3893 262 3934; x_wconf 84' lang='lat' dir='ltr'><strong>contra</strong></span> <span class='ocrx_word' id='word_1_313' title='bbox 289 3885 379 3934; x_wconf 76' lang='lat' dir='ltr'><strong>hostes</strong></span> <span class='ocrx_word' id='word_1_314' title='bbox 408 3902 474 3950; x_wconf 85' lang='lat' dir='ltr'><strong>opus</strong></span> <span class='ocrx_word' id='word_1_315' title='bbox 499 3883 582 3934; x_wconf 80' lang='lat' dir='ltr'><strong>armis</strong></span> <span class='ocrx_word' id='word_1_316' title='bbox 652 3888 696 3934; x_wconf 76' lang='lat'><strong>22.</strong></span> <span class='ocrx_word' id='word_1_317' title='bbox 715 3882 808 3946; x_wconf 78' lang='lat' dir='ltr'><strong>annos]</strong></span> <span class='ocrx_word' id='word_1_318' title='bbox 825 3884 853 3934; x_wconf 85' lang='grc' dir='ltr'><strong>Α.</strong></span> <span class='ocrx_word' id='word_1_319' title='bbox 871 3902 919 3934; x_wconf 85' lang='lat' dir='ltr'><strong>nos</strong></span> <span class='ocrx_word' id='word_1_320' title='bbox 935 3886 1010 3937; x_wconf 88' lang='lat' dir='ltr'>PbR.</span> 
     </span>
    </p>

    <p class='ocr_par' dir='ltr' id='par_1_24' title="bbox 55 3951 1127 4236">
     <span class='ocr_line' id='line_1_39' title="bbox 70 3951 1089 4020; baseline 0.008 -19"><span class='ocrx_word' id='word_1_321' title='bbox 70 3951 154 4004; x_wconf 63' lang='lat' dir='ltr'><strong>⁰³0t.</strong></span> <span class='ocrx_word' id='word_1_322' title='bbox 198 3954 251 4006; x_wconf 86' lang='lat' dir='ltr'><strong>Sed</strong></span> <span class='ocrx_word' id='word_1_323' title='bbox 282 3955 378 4007; x_wconf 76' lang='lat' dir='ltr'><strong>sufficit</strong></span> <span class='ocrx_word' id='word_1_324' title='bbox 414 3955 578 4005; x_wconf 85' lang='lat' dir='ltr'><strong>emendasse:</strong></span> <span class='ocrx_word' id='word_1_325' title='bbox 649 3959 692 4005; x_wconf 78' lang='lat'><strong>24.</strong></span> <span class='ocrx_word' id='word_1_326' title='bbox 713 3962 744 4002; x_wconf 80' lang='lat' dir='ltr'><strong>at</strong></span> <span class='ocrx_word' id='word_1_327' title='bbox 760 3954 827 4020; x_wconf 76' lang='lat' dir='ltr'><strong>voti]</strong></span> <span class='ocrx_word' id='word_1_328' title='bbox 849 3956 928 4008; x_wconf 83' lang='lat' dir='ltr'>APR.</span> <span class='ocrx_word' id='word_1_329' title='bbox 949 3965 976 4004; x_wconf 85' lang='lat' dir='ltr'><strong>et</strong></span> <span class='ocrx_word' id='word_1_330' title='bbox 995 3957 1049 4006; x_wconf 80' lang='lat' dir='ltr'><strong>voti</strong></span> <span class='ocrx_word' id='word_1_331' title='bbox 1062 3957 1089 4010; x_wconf 95' lang='lat' dir='ltr'><strong>b.</strong></span> 
     </span>
     <span class='ocr_line' id='line_1_40' title="bbox 55 4011 1127 4090; baseline 0.007 -19"><span class='ocrx_word' id='word_1_332' title='bbox 55 4011 100 4051; x_wconf 54' lang='grc' dir='ltr'>Μ</span> <span class='ocrx_word' id='word_1_333' title='bbox 125 4039 169 4072; x_wconf 77' lang='lat' dir='ltr'><strong>nee</strong></span> <span class='ocrx_word' id='word_1_334' title='bbox 195 4022 269 4075; x_wconf 84' lang='lat' dir='ltr'><strong>bonis</strong></span> <span class='ocrx_word' id='word_1_335' title='bbox 292 4033 386 4075; x_wconf 83' lang='lat' dir='ltr'><strong>contra</strong></span> <span class='ocrx_word' id='word_1_336' title='bbox 409 4024 492 4075; x_wconf 80' lang='lat' dir='ltr'><strong>malos</strong></span> <span class='ocrx_word' id='word_1_337' title='bbox 512 4041 579 4090; x_wconf 83' lang='lat' dir='ltr'><strong>opus</strong></span> <span class='ocrx_word' id='word_1_338' title='bbox 649 4028 694 4078; x_wconf 81' lang='lat'><strong>24.</strong></span> <span class='ocrx_word' id='word_1_339' title='bbox 712 4033 738 4072; x_wconf 84' lang='lat' dir='ltr'><strong>et</strong></span> <span class='ocrx_word' id='word_1_340' title='bbox 758 4023 871 4090; x_wconf 79' lang='lat' dir='ltr'><strong>consilii]</strong></span> <span class='ocrx_word' id='word_1_341' title='bbox 899 4027 971 4078; x_wconf 74' lang='lat' dir='ltr'><strong>Apo.</strong></span> <span class='ocrx_word' id='word_1_342' title='bbox 996 4025 1037 4075; x_wconf 84' lang='lat' dir='ltr'><strong>ita</strong></span> <span class='ocrx_word' id='word_1_343' title='bbox 1064 4047 1127 4078; x_wconf 85' lang='lat' dir='ltr'><strong>con-</strong></span> 
     </span>
     <span class='ocr_line' id='line_1_41' title="bbox 61 4081 1125 4164; baseline 0.008 -20"><span class='ocrx_word' id='word_1_344' title='bbox 61 4081 127 4141; x_wconf 50' lang='grc' dir='ltr'><strong>Ἣ.</strong></span> <span class='ocrx_word' id='word_1_345' title='bbox 160 4095 279 4162; x_wconf 77' lang='lat' dir='ltr'><strong>Neopto</strong></span> <span class='ocrx_word' id='word_1_346' title='bbox 301 4112 332 4144; x_wconf 81' lang='lat' dir='ltr'><strong>ne</strong></span> <span class='ocrx_word' id='word_1_347' title='bbox 355 4122 391 4134; x_wconf 91' lang='lat'><em>-</em></span> <span class='ocrx_word' id='word_1_348' title='bbox 412 4112 445 4132; x_wconf 93' lang='lat'><strong>-·-</strong></span> <span class='ocrx_word' id='word_1_349' title='bbox 474 4093 579 4164; x_wconf 80' lang='lat' dir='ltr'><strong>qoidem</strong></span> <span class='ocrx_word' id='word_1_350' title='bbox 614 4094 669 4145; x_wconf 77' lang='lat' dir='ltr'><strong>silit</strong></span> <span class='ocrx_word' id='word_1_351' title='bbox 686 4097 854 4146; x_wconf 86' lang='lat' dir='ltr'><strong>Burmannus.</strong></span> <span class='ocrx_word' id='word_1_352' title='bbox 874 4096 908 4146; x_wconf 87' lang='lat' dir='ltr'><strong>R.</strong></span> <span class='ocrx_word' id='word_1_353' title='bbox 927 4097 1045 4150; x_wconf 84' lang='lat' dir='ltr'><strong>Defendit</strong></span> <span class='ocrx_word' id='word_1_354' title='bbox 1060 4099 1125 4153; x_wconf 87' lang='lat' dir='ltr'><strong>Cod.</strong></span> 
     </span>
     <span class='ocr_line' id='line_1_42' title="bbox 65 4135 940 4236; baseline -0.001 -20"><span class='ocrx_word' id='word_1_355' title='bbox 65 4135 153 4216; x_wconf 63' lang='lat' dir='ltr'><strong>lton</strong></span> <span class='ocrx_word' id='word_1_356' title='bbox 169 4168 247 4220; x_wconf 82' lang='lat' dir='ltr'><strong>etiam</strong></span> <span class='ocrx_word' id='word_1_357' title='bbox 263 4165 323 4229; x_wconf 85' lang='lat' dir='ltr'><strong>Lib.</strong></span> <span class='ocrx_word' id='word_1_358' title='bbox 343 4169 373 4230; x_wconf 83' lang='lat'><strong>1,</strong></span> <span class='ocrx_word' id='word_1_359' title='bbox 393 4168 444 4230; x_wconf 85' lang='lat' dir='ltr'><strong>tr,</strong></span> <span class='ocrx_word' id='word_1_360' title='bbox 461 4169 487 4218; x_wconf 78' lang='lat'><strong>2.</strong></span> <span class='ocrx_word' id='word_1_361' title='bbox 513 4164 578 4216; x_wconf 82' lang='lat' dir='ltr'><strong>Bai·</strong></span> <span class='ocrx_word' id='word_1_362' title='bbox 613 4166 765 4236; x_wconf 83' lang='lat' dir='ltr'><strong>scripturam</strong></span> <span class='ocrx_word' id='word_1_363' title='bbox 783 4163 855 4216; x_wconf 84' lang='lat' dir='ltr'><strong>Hotlt</strong></span> <span class='ocrx_word' id='word_1_364' title='bbox 874 4183 898 4234; x_wconf 89' lang='lat' dir='ltr'><strong>p.</strong></span> <span class='ocrx_word' id='word_1_365' title='bbox 914 4171 940 4222; x_wconf 83' lang='lat'><strong>9.</strong></span> 
     </span>
    </p>
   </div>
   <div class='ocr_carea' id='block_1_8' title="bbox 0 0 1272 4590">
    <p class='ocr_par' dir='ltr' id='par_1_25' title="bbox 0 0 1272 4590">
     <span class='ocr_line' id='line_1_43' title="bbox 0 0 1272 4590; baseline 0 0"><span class='ocrx_word' id='word_1_366' title='bbox 0 0 1272 4590; x_wconf 95' lang='lat' dir='ltr'><strong> </strong></span> 
     </span>
    </p>
   </div>
  </div>
 </body>
</html>
