2536 4590
505 193 765 268 ..ss2-

105 405 201 468 quam
245 393 358 446 cert-am
400 382 548 466 Hispanis
586 381 719 466 parendi
753 386 981 451 consessionem
1019 402 1163 455 extorse-

105 500 172 563 rat,
192 507 302 567 parem
322 487 437 570 Illyriis
461 487 677 571 Dehnatisque
701 490 842 551 extorsit.
895 488 1037 553 Raetiam
1059 506 1166 556 autem

107 601 138 650 et
157 585 340 649 Vindelicos
362 601 393 649 et
413 588 547 651 Noricos
568 590 829 673 Pannoniamque
860 603 892 652 et
912 591 1082 658 Cordiscos
1107 616 1165 660 no·

106 711 160 753 vas
186 691 319 771 imperio
342 703 450 763 nostro
478 690 643 752 subiunxit
670 691 857 772 provincias.
913 692 956 755 Ut
980 694 1038 759 has
1060 698 1166 773 armis,

105 793 150 854 ita
174 795 354 855 auctoritate
378 791 604 873 Cappadociam
627 794 663 854 P.
680 791 719 853 R.
739 793 814 855 feeit
834 794 1079 877 stipendiariam.
1104 796 1182 860 Sede

110 910 306 960 revertamur
327 893 366 955 ad
390 895 543 958 ordinem.

75 1024 88 1074 l
195 1013 266 1074 XL.
309 1011 422 1074 Secuta
443 1009 555 1075 deinde
579 1011 638 1074 Cn.
659 1010 792 1092 Pompei
814 1010 926 1095 militia
946 1014 1063 1094 gloriae
1076 1017 1167 1081 labo-

106 1115 190 1176 ri'sne
214 1114 341 1177 maioris
364 1098 519 1177 incertum
542 1110 597 1176 est.
638 1115 823 1176 Penetratae
845 1135 916 1177 cum
936 1118 1068 1179 victoria
1097 1120 1168 1182 Me·

107 1213 176 1293 dia,
206 1218 337 1295 Albani,
367 1218 496 1294 Hiberi,
533 1238 567 1279 ac
600 1213 712 1276 deinde
745 1215 863 1277 flexum
898 1238 1008 1296 agmen
1042 1220 1082 1282 ad
1116 1242 1168 1284 eas

108 1321 259 1398 nationes,
282 1342 361 1403 quae
379 1319 489 1382 dextra
510 1332 603 1401 atque
621 1318 731 1378 intima
742 1318 837 1379 Ponti
857 1319 1009 1399 incolunt,
1031 1321 1200 1385 Colchosso

107 1422 326 1503 Eniochosque
350 1435 380 1482 et
400 1423 540 1483 Achaeos
548 1464 557 1498 ,
588 1431 619 1481 et
647 1440 816 1501 oppressus
848 1423 993 1502 auspiciis
1025 1422 1170 1507 Pompei,

107 1521 227 1584 insidiis
257 1522 302 1583 fili
336 1523 505 1585 Pharnacis
537 1520 735 1583 Mithridates
765 1523 893 1585 ultimus
925 1527 1066 1587 omnium
1088 1528 1170 1590 iuris

75 1625 158 1696 zeni
179 1644 287 1704 regum
311 1638 438 1706 praeter
458 1625 633 1687 Parthicos.
674 1625 758 1686 Tum
788 1625 889 1687 victor
917 1629 1058 1690 omnium
1091 1649 1171 1711 quas

110 1723 228 1788 adierat
248 1727 387 1806 gentium
403 1728 571 1810 Pompeius
592 1746 713 1810 suoque
736 1737 767 1787 et
788 1727 902 1789 civium
923 1741 998 1791 roto
1019 1731 1124 1793 maior
1141 1744 1172 1793 et

107 1851 166 1912 per
187 1816 292 1892 omnia
314 1831 474 1893 fortunam
505 1830 641 1891 hominis
672 1848 813 1907 egressus
834 1829 966 1891 revertit
985 1831 1019 1890 in
1038 1832 1201 1895 Italiamne

110 1933 206 1994 Cuius
224 1931 361 1994 reditum
379 1934 586 1995 favorabilem
600 1931 708 2012 opinio
731 1932 864 2008 fecerat3
888 1930 1007 2013 quippe
1026 1933 1173 2017 plerique

110 2055 174 2095 non
189 2034 256 2095 sine
282 2034 421 2094 exercitu
443 2046 611 2095 venturum
628 2033 662 2094 in
676 2033 790 2094 urbem
809 2030 1017 2094 adfirmabant
1031 2045 1063 2095 et
1075 2035 1175 2097 liber·

76 2137 165 2219 3tati
185 2135 328 2216 publicae
351 2147 541 2198 statutorum
563 2135 693 2196 arbitrio
714 2154 772 2196 suo
797 2132 939 2198 modum.
981 2131 1056 2209 Quo
1075 2137 1175 2216 magis

109 2239 168 2298 hoc
191 2238 334 2300 homines
352 2240 537 2317 timuerant,
559 2258 596 2300 eo
618 2238 737 2317 gratior
758 2237 856 2299 civilis
878 2238 956 2299 tanti
973 2237 1174 2318 imperatoris

109 2338 227 2401 reditus
250 2339 318 2400 suit.
354 2340 441 2401 omni
465 2341 582 2423 quippe
602 2339 777 2402 Brundusii
800 2337 929 2402 dimisso
959 2341 1100 2403 exercitu
1123 2342 1206 2406 iri-so

109 2443 155 2504 hil
176 2453 301 2523 praeter
321 2462 437 2504 nomen
458 2442 656 2524 imperatoris
677 2441 817 2504 retinens
840 2464 911 2504 cum
932 2443 1057 2524 privato
1074 2442 1173 2505 comi·

109 2557 198 2622 tatu,
221 2565 316 2625 quem
336 2565 458 2625 semper
477 2546 531 2607 illa
551 2549 615 2607 lata
636 2545 769 2608 remoris
793 2545 871 2622 fuit,
892 2547 926 2605 in
943 2547 1054 2606 urbem
1076 2542 1175 2607 rediit

111 2645 511 2731 magnificentissimumque
548 2648 586 2710 de
622 2661 668 2711 tot
699 2648 825 2726 regibus
861 2667 920 2728 per
951 2644 1085 2710 biduum
1112 2648 1175 2727 egit

112 2750 315 2830 triumphum.
328 2750 482 2835 longeque
507 2753 658 2815 maiorem
680 2750 768 2812 omni
801 2761 871 2810 ante
901 2769 934 2810 se
957 2749 1053 2809 inlata
1074 2770 1175 2828 pecu·

113 2852 166 2913 nia
186 2854 220 2914 in
243 2851 418 2932 aerarium,
439 2867 564 2937 praeter
585 2873 680 2939 quam
699 2875 717 2914 a
737 2850 856 2924 Paulo,
878 2868 918 2909 ex
938 2836 1096 2911 manubiis
1121 2852 1207 2912 inme

186 3044 210 3092 l.
231 3045 376 3093 extorserat
395 3056 504 3108 parens,
521 3040 617 3105 Illyriis
655 3041 682 3091 a.
701 3051 732 3087 ac
753 3033 865 3087 Noricos
907 3037 933 3085 a.
952 3032 1107 3086 Scordiscos
1145 3038 1172 3086 9.

115 3112 238 3176 Albania,
265 3113 389 3175 Hiberia3
408 3112 508 3163 deinde
556 3116 599 3164 ll.
617 3105 819 3173 Heniochosque
860 3108 905 3157 22.
924 3104 961 3155 illi
988 3105 1104 3159 sistere
1124 3102 1172 3157 lm·

115 3181 178 3233 bere
195 3182 275 3233 moris
311 3186 357 3236 25.
376 3188 555 3248 praeterquam

149 3352 176 3402 ².
183 3349 286 3417 parem]
296 3350 453 3418 ARparens
461 3350 579 3403 Ursinus.
587 3351 623 3405 R.
695 3352 739 3401 lt.
757 3344 950 3419 Enieelsosque]
961 3347 991 3399 A.
1006 3342 1177 3397 Heniochos-

151 3440 179 3492 Ξ.
192 3435 379 3506 Delmatisque
389 3436 513 3504 extorsit]
524 3438 623 3493 subu.
660 3438 711 3493 que
732 3418 808 3473 ΡΜ·
891 3486 897 3498 .

116 3506 302 3571 Delmatisque
314 3508 348 3561 P.
373 3505 548 3574 (extorserat,
567 3517 624 3558 tam
696 3494 739 3542 ¹²·
758 3486 921 3554 Phaniam]
940 3485 1018 3540 ΜΒ·
1043 3484 1176 3537 Pham·

111 3577 331 3715 {Zzei'i‘bglyriis
356 3577 547 3655 Romamque
577 3596 624 3628 ex·
660 3562 810 3684 “agillo
828 3627 900 3698 fato
927 3623 1046 3692 remoris]
1067 3626 1097 3678 Α.
1123 3623 1176 3675 s‘llcs

655 3702 755 3774 fatere
766 3699 845 3751 srtoris
852 3701 883 3751 P.
896 3695 938 3747 illi
946 3712 965 3745 a
979 3695 1064 3746 latere
1077 3692 1177 3745 labere

704 3772 741 3822 ris
757 3773 790 3824 Ο.
816 3768 868 3834 (illi
888 3783 984 3819 vacare
1005 3766 1084 3817 moris
1099 3764 1178 3817 utre-

150 3742 178 3791 8.
195 3745 221 3786 et
242 3733 365 3800 Noricos]
389 3735 421 3787 Α.
455 3751 488 3784 ec
515 3735 626 3788 Noricos

114 3807 191 3860 Μ
228 3804 339 3857 Videtur
357 3805 518 3873 Amerbgchfl
545 3822 626 3860 ⁰⁸⁰⁵
661 3792 751 3896 deonna.
770 3842 794 3894 b.
813 3839 889 3889 illum
902 3834 1091 3888 sectarimoris
1105 3834 1176 3887 Bur·

151 3898 181 3951 ³·
196 3891 404 3956 0⁰'‘²¹'⁸⁶0⁸]AP·
418 3892 627 3945 ⁸⁶⁰'d1'³⁶⁰³bR·
663 3929 778 3967 mannus.
788 3909 832 3961 mr
847 3917 939 3960 aaran
950 3905 1177 3970 maritumam.)

152 3984 178 4032 9.
197 3977 301 4031 Albani
337 3975 433 4027 Hiberi
465 3993 498 4026 ec
523 3978 625 4046 deinde]
697 3989 742 4036 25.
757 3989 868 4050 practer
883 3993 994 4048 quomo
1009 3974 1176 4042 Paulam

115 4048 198 4115 APR.
223 4048 358 4105 Albanio,
381 4045 514 4106 Hiberio5
535 4048 627 4099 deinde
659 4063 850 4123 praeterquam
869 4066 886 4098 a
903 4045 993 4098 Paulo
1011 4046 1047 4100 R.
1061 4054 1176 4113 praeter

117 4118 287 4171 Burmannus.
299 4115 427 4182 Albania,
447 4115 577 4179 Hiberim
594 4137 627 4170 ac
663 4141 743 4193 quem
763 4118 893 4189 Capitolio
912 4116 937 4169 b.
955 4116 1095 4186 (Suspecta
1108 4114 1175 4169 iisse

118 4187 210 4240 deinde
225 4186 250 4239 b·
663 4194 757 4248 vossio
775 4197 802 4244 et
818 4186 997 4252 Mhnkenlo.)
1097 4194 1105 4207 ·
